@article{action1993rise,
 author = {Action, Robust},
 journal = {American Journal of Sociology},
 pages = {1259--1319},
 title = {the Rise of the Medici},
 volume = {98},
 year = {1993}
}

@article{barabasi1999emergence,
 author = {Barab{\'a}si, Albert-L{\'a}szl{\'o} and Albert, R{\'e}ka},
 journal = {science},
 number = {5439},
 pages = {509--512},
 title = {Emergence of scaling in random networks},
 volume = {286},
 year = {1999}
}

@article{barthelme2019estimating,
 author = {Barthelm{\'e}, Simon and Tremblay, Nicolas and Gaudilliere, Alexandre and Avena, Luca and Amblard, Pierre-Olivier},
 journal = {arXiv preprint arXiv:1905.02086},
 title = {Estimating the inverse trace using random forests on graphs},
 year = {2019}
}

@article{bavelas1948mathematical,
 author = {Bavelas, Alex},
 journal = {Applied anthropology},
 number = {3},
 pages = {16--30},
 title = {A mathematical model for group structures},
 volume = {7},
 year = {1948}
}

@article{bavelas1950communication,
 author = {Bavelas, Alex},
 journal = {The journal of the acoustical society of America},
 number = {6},
 pages = {725--730},
 title = {Communication patterns in task-oriented groups},
 volume = {22},
 year = {1950}
}

@article{beauchamp1965improved,
 author = {Beauchamp, Murray A},
 journal = {Behavioral science},
 number = {2},
 pages = {161--163},
 title = {An improved index of centrality},
 volume = {10},
 year = {1965}
}

@article{bekas2007estimator,
 author = {Bekas, Costas and Kokiopoulou, Effrosyni and Saad, Yousef},
 journal = {Applied numerical mathematics},
 number = {11-12},
 pages = {1214--1229},
 title = {An estimator for the diagonal of a matrix},
 volume = {57},
 year = {2007}
}

@phdthesis{bergamini2018algorithms,
 abstract = {First of all, I thank my advisor Henning Meyerhenke for offering me the opportunity to work in his group and for all the advice and support he gave me during the time of my PhD. Thank you also for your trust, for giving me the chance to develop my own research ideas and for always being willing to meet my needs. I would also like to thank Pierluigi Crescenzi for agreeing to act as a second referee and taking the time to read my thesis and travel to Karlsruhe. I am also very grateful to David Bader and Oded Green for their hospitality and},
 author = {Bergamini, Elisabetta},
 school = {KIT-Bibliothek},
 title = {Algorithms for the Identification of Central Nodes in Large Real-World Networks},
 year = {2018}
}

@book{bisseling2020parallel,
 author = {Bisseling, Rob H},
 publisher = {Oxford University Press, USA},
 title = {Parallel Scientific Computation: A Structured Approach Using BSP},
 year = {2020}
}

@article{brandes2001faster,
 author = {Brandes, Ulrik},
 journal = {Journal of mathematical sociology},
 number = {2},
 pages = {163--177},
 title = {A faster algorithm for betweenness centrality},
 volume = {25},
 year = {2001}
}

@article{chapelle2009semi,
 author = {Chapelle, Olivier and Scholkopf, Bernhard and Zien, Alexander},
 journal = {IEEE Transactions on Neural Networks},
 number = {3},
 pages = {542--542},
 title = {Semi-supervised learning (chapelle, o. et al., eds.; 2006)[book reviews]},
 volume = {20},
 year = {2009}
}

@article{chebotarev2000forest,
 author = {Chebotarev, P Yu and Shamis, EV},
 journal = {AUTOMATION AND REMOTE CONTROL C/C OF AVTOMATIKA I TELEMEKHANIKA},
 number = {8; ISSU 2},
 pages = {1364--1373},
 title = {The forest metrics of a graph and their properties},
 volume = {61},
 year = {2000}
}

@article{cohn1958networks,
 author = {Cohn, Bernard S and Marriott, McKim},
 journal = {Journal of social Research},
 number = {1},
 pages = {1--9},
 title = {Networks and centres of integration in Indian civilization},
 volume = {1},
 year = {1958}
}

@inproceedings{conf/acda/AngrimanMSU21,
 author = {Eugenio Angriman and Henning Meyerhenke and Christian Schulz and Bora UÃ§ar},
 booktitle = {Proceedings of the 2021 SIAM Conference on Applied and Computational Discrete Algorithms (ACDA21)},
 doi = {10.1137/1.9781611976830.4},
 pages = {32--44},
 title = {Fully-dynamic Weighted Matching Approximation in Practice},
 year = {2021}
}

@inproceedings{david2013everything,
 author = {David, Tudor and Guerraoui, Rachid and Trigonakis, Vasileios},
 booktitle = {Proceedings of the Twenty-Fourth ACM Symposium on Operating Systems Principles},
 pages = {33--48},
 title = {Everything you always wanted to know about synchronization but were afraid to ask},
 year = {2013}
}

@book{DBLP:books/aw/AhoHU74,
 author = {Alfred V. Aho and John E. Hopcroft and Jeffrey D. Ullman},
 publisher = {Addison-Wesley},
 title = {The Design and Analysis of Computer Algorithms},
 year = {1974}
}

@incollection{DBLP:books/crc/99/EppsteinGI99,
 author = {David Eppstein and Zvi Galil and Giuseppe F. Italiano},
 booktitle = {Algorithms and Theory of Computation Handbook},
 editor = {Mikhail J. Atallah},
 publisher = {{CRC} Press},
 series = {Chapman {\&} Hall/CRC Applied Algorithms and Data Structures series},
 title = {Dynamic Graph Algorithms},
 year = {1999}
}

@book{DBLP:books/daglib/0009415,
 author = {B{\'{e}}la Bollob{\'{a}}s},
 doi = {10.1007/978-1-4612-0619-4},
 publisher = {Springer},
 title = {Modern Graph Theory},
 year = {2002}
}

@book{DBLP:books/daglib/0037866,
 author = {Christopher D. Godsil and Gordon F. Royle},
 doi = {10.1007/978-1-4613-0163-9},
 publisher = {Springer},
 title = {Algebraic Graph Theory},
 year = {2001}
}

@book{DBLP:books/daglib/0086372,
 author = {Gene H. Golub and Charles F. Van Loan},
 publisher = {Johns Hopkins University Press},
 title = {Matrix Computations, Fourth Edition},
 year = {2013}
}

@book{DBLP:books/siam/BermanP94,
 author = {Abraham Berman and Robert J. Plemmons},
 doi = {10.1137/1.9781611971262},
 publisher = {{SIAM}},
 title = {Nonnegative Matrices in the Mathematical Sciences},
 year = {1994}
}

@book{DBLP:books/tf/18/2018aam-1,
 doi = {10.1201/9781351236423},
 editor = {Teofilo F. Gonzalez},
 publisher = {Chapman and Hall/CRC},
 title = {Handbook of Approximation Algorithms and Metaheuristics, Second Edition, Volume 1: Methologies and Traditional Applications},
 year = {2018}
}

@inproceedings{DBLP:conf/aaai/MirzasoleimanBK15,
 author = {Baharan Mirzasoleiman and Ashwinkumar Badanidiyuru and Amin Karbasi and Jan Vondr{\'{a}}k and Andreas Krause},
 booktitle = {Proceedings of the Twenty-Ninth {AAAI} Conference on Artificial Intelligence, January 25-30, 2015, Austin, Texas, {USA}},
 pages = {1812--1818},
 publisher = {{AAAI} Press},
 title = {Lazier Than Lazy Greedy},
 year = {2015}
}

@inproceedings{DBLP:conf/aaai/RossiA15,
 author = {Ryan A. Rossi and Nesreen K. Ahmed},
 booktitle = {Proceedings of the Twenty-Ninth {AAAI} Conference on Artificial Intelligence, January 25-30, 2015, Austin, Texas, {USA}},
 pages = {4292--4293},
 publisher = {{AAAI} Press},
 title = {The Network Data Repository with Interactive Graph Analytics and Visualization},
 year = {2015}
}

@inproceedings{DBLP:conf/adc/ChenWW16,
 author = {Chen Chen and Wei Wang and Xiaoyang Wang},
 booktitle = {Databases Theory and Applications - 27th Australasian Database Conference, {ADC} 2016, Sydney, NSW, Australia, September 28-29, 2016, Proceedings},
 doi = {10.1007/978-3-319-46922-5\_4},
 pages = {43--55},
 publisher = {Springer},
 title = {Efficient Maximum Closeness Centrality Group Identification},
 year = {2016}
}

@inproceedings{DBLP:conf/alenex/AngrimanBDGGM21,
 author = {Eugenio Angriman and Ruben Becker and Gianlorenzo D'Angelo and Hugo Gilbert and Alexander van der Grinten and Henning Meyerhenke},
 booktitle = {Proceedings of the Symposium on Algorithm Engineering and Experiments, {ALENEX} 2021, Virtual Conference, January 10-11, 2021},
 doi = {10.1137/1.9781611976472.12},
 pages = {154--168},
 publisher = {{SIAM}},
 title = {Group-Harmonic and Group-Closeness Maximization - Approximation and Engineering},
 year = {2021}
}

@inproceedings{DBLP:conf/alenex/AngrimanGBZGM20,
 author = {Eugenio Angriman and Alexander van der Grinten and Aleksandar Bojchevski and Daniel Z{\"{u}}gner and Stephan G{\"{u}}nnemann and Henning Meyerhenke},
 booktitle = {Proceedings of the Symposium on Algorithm Engineering and Experiments, {ALENEX} 2020, Salt Lake City, UT, USA, January 5-6, 2020},
 doi = {10.1137/1.9781611976007.5},
 pages = {56--69},
 publisher = {{SIAM}},
 title = {Group Centrality Maximization for Large-scale Graphs},
 year = {2020}
}

@inproceedings{DBLP:conf/alenex/BergaminiGM18,
 author = {Elisabetta Bergamini and Tanya Gonser and Henning Meyerhenke},
 booktitle = {Proceedings of the Twentieth Workshop on Algorithm Engineering and Experiments, {ALENEX} 2018, New Orleans, LA, USA, January 7-8, 2018},
 doi = {10.1137/1.9781611975055.18},
 pages = {209--222},
 publisher = {{SIAM}},
 title = {Scaling up Group Closeness Maximization},
 year = {2018}
}

@inproceedings{DBLP:conf/alenex/BiseniusBAM18,
 author = {Patrick Bisenius and Elisabetta Bergamini and Eugenio Angriman and Henning Meyerhenke},
 booktitle = {Proceedings of the Twentieth Workshop on Algorithm Engineering and Experiments, {ALENEX} 2018, New Orleans, LA, USA, January 7-8, 2018},
 doi = {10.1137/1.9781611975055.3},
 pages = {21--35},
 publisher = {{SIAM}},
 title = {Computing Top-\emph{k} Closeness Centrality in Fully-dynamic Graphs},
 year = {2018}
}

@inproceedings{DBLP:conf/alenex/DroschinskyMT20,
 author = {Andre Droschinsky and Petra Mutzel and Erik Thordsen},
 booktitle = {Proceedings of the Symposium on Algorithm Engineering and Experiments, {ALENEX} 2020, Salt Lake City, UT, USA, January 5-6, 2020},
 doi = {10.1137/1.9781611976007.12},
 pages = {146--160},
 publisher = {{SIAM}},
 title = {Shrinking Trees not Blossoms: {A} Recursive Maximum Matching Approach},
 year = {2020}
}

@inproceedings{DBLP:conf/approx/ChechikCK15,
 author = {Shiri Chechik and Edith Cohen and Haim Kaplan},
 booktitle = {Approximation, Randomization, and Combinatorial Optimization. Algorithms and Techniques, {APPROX/RANDOM} 2015, August 24-26, 2015, Princeton, NJ, {USA}},
 doi = {10.4230/LIPIcs.APPROX-RANDOM.2015.659},
 pages = {659--679},
 publisher = {Schloss Dagstuhl - Leibniz-Zentrum f{\"{u}}r Informatik},
 title = {Average Distance Queries through Weighted Samples in Graphs and Metric Spaces: High Scalability with Tight Statistical Guarantees},
 year = {2015}
}

@inproceedings{DBLP:conf/approx/CrouchS14,
 author = {Michael S. Crouch and Daniel M. Stubbs},
 booktitle = {Approximation, Randomization, and Combinatorial Optimization. Algorithms and Techniques, {APPROX/RANDOM} 2014, September 4-6, 2014, Barcelona, Spain},
 doi = {10.4230/LIPIcs.APPROX-RANDOM.2014.96},
 pages = {96--104},
 publisher = {Schloss Dagstuhl - Leibniz-Zentrum f{\"{u}}r Informatik},
 title = {Improved Streaming Algorithms for Weighted Matching, via Unweighted Matching},
 year = {2014}
}

@inproceedings{DBLP:conf/approx/McGregor05,
 author = {Andrew McGregor},
 booktitle = {Approximation, Randomization and Combinatorial Optimization, Algorithms and Techniques, 8th International Workshop on Approximation Algorithms for Combinatorial Optimization Problems, {APPROX} 2005 and 9th InternationalWorkshop on Randomization and Computation, {RANDOM} 2005, Berkeley, CA, USA, August 22-24, 2005, Proceedings},
 doi = {10.1007/11538462\_15},
 pages = {170--181},
 publisher = {Springer},
 title = {Finding Graph Matchings in Data Streams},
 year = {2005}
}

@inproceedings{DBLP:conf/asplos/ClementsKZ12,
 author = {Austin T. Clements and M. Frans Kaashoek and Nickolai Zeldovich},
 booktitle = {Proceedings of the 17th International Conference on Architectural Support for Programming Languages and Operating Systems, {ASPLOS} 2012, London, UK, March 3-7, 2012},
 doi = {10.1145/2150976.2150998},
 pages = {199--210},
 publisher = {{ACM}},
 title = {Scalable address spaces using {RCU} balanced trees},
 year = {2012}
}

@inproceedings{DBLP:conf/asunam/KasCC13,
 author = {Miray Kas and Kathleen M. Carley and L. Richard Carley},
 booktitle = {Advances in Social Networks Analysis and Mining 2013, {ASONAM} '13, Niagara, ON, Canada - August 25 - 29, 2013},
 doi = {10.1145/2492517.2500270},
 pages = {1250--1258},
 publisher = {{ACM}},
 title = {Incremental closeness centrality for dynamically changing social networks},
 year = {2013}
}

@inproceedings{DBLP:conf/asunam/NiHTC19,
 author = {Peng Ni and Masatoshi Hanai and Wen Jun Tan and Wentong Cai},
 booktitle = {{ASONAM} '19: International Conference on Advances in Social Networks Analysis and Mining, Vancouver, British Columbia, Canada, 27-30 August, 2019},
 doi = {10.1145/3341161.3342865},
 pages = {378--385},
 publisher = {{ACM}},
 title = {Efficient closeness centrality computation in time-evolving graphs},
 year = {2019}
}

@inproceedings{DBLP:conf/asunam/PutmanBT19,
 author = {K. (Lynn) Putman and Hanjo D. Boekhout and Frank W. Takes},
 booktitle = {{ASONAM} '19: International Conference on Advances in Social Networks Analysis and Mining, Vancouver, British Columbia, Canada, 27-30 August, 2019},
 doi = {10.1145/3341161.3344829},
 pages = {1018--1025},
 publisher = {{ACM}},
 title = {Fast incremental computation of harmonic closeness centrality in directed weighted networks},
 year = {2019}
}

@inproceedings{DBLP:conf/bigdataconf/AngrimanGM19,
 author = {Eugenio Angriman and Alexander van der Grinten and Henning Meyerhenke},
 booktitle = {2019 {IEEE} International Conference on Big Data (Big Data), Los Angeles, CA, USA, December 9-12, 2019},
 doi = {10.1109/BigData47090.2019.9006206},
 pages = {711--720},
 publisher = {{IEEE}},
 title = {Local Search for Group Closeness Maximization on Big Graphs},
 year = {2019}
}

@inproceedings{DBLP:conf/bigdataconf/ChehreghaniBA18,
 author = {Mostafa Haghir Chehreghani and Albert Bifet and Talel Abdessalem},
 booktitle = {{IEEE} International Conference on Big Data, Big Data 2018, Seattle, WA, USA, December 10-13, 2018},
 doi = {10.1109/BigData.2018.8622133},
 pages = {2104--2113},
 publisher = {{IEEE}},
 title = {An In-depth Comparison of Group Betweenness Centrality Estimation Algorithms},
 year = {2018}
}

@inproceedings{DBLP:conf/bigdataconf/SariyuceKSC13,
 author = {Ahmet Erdem Sariy{\"{u}}ce and Kamer Kaya and Erik Saule and {\"{U}}mit V. {\c{C}}ataly{\"{u}}rek},
 booktitle = {Proceedings of the 2013 {IEEE} International Conference on Big Data, 6-9 October 2013, Santa Clara, CA, {USA}},
 doi = {10.1109/BigData.2013.6691611},
 pages = {487--492},
 publisher = {{IEEE} Computer Society},
 title = {Incremental algorithms for closeness centrality},
 year = {2013}
}

@inproceedings{DBLP:conf/birthday/Sanders09,
 author = {Peter Sanders},
 booktitle = {Efficient Algorithms, Essays Dedicated to Kurt Mehlhorn on the Occasion of His 60th Birthday},
 doi = {10.1007/978-3-642-03456-5\_22},
 pages = {321--340},
 publisher = {Springer},
 title = {Algorithm Engineering - An Attempt at a Definition},
 year = {2009}
}

@inproceedings{DBLP:conf/cikm/MumtazW17,
 author = {Sara Mumtaz and Xiaoyang Wang},
 booktitle = {Proceedings of the 2017 {ACM} on Conference on Information and Knowledge Management, {CIKM} 2017, Singapore, November 06 - 10, 2017},
 doi = {10.1145/3132847.3133126},
 pages = {2219--2222},
 publisher = {{ACM}},
 title = {Identifying Top-K Influential Nodes in Networks},
 year = {2017}
}

@inproceedings{DBLP:conf/cocoa/RanjanZB14,
 author = {Gyan Ranjan and Zhi{-}Li Zhang and Daniel Boley},
 booktitle = {Combinatorial Optimization and Applications - 8th International Conference, {COCOA} 2014, Wailea, Maui, HI, USA, December 19-21, 2014, Proceedings},
 doi = {10.1007/978-3-319-12691-3\_54},
 pages = {729--749},
 publisher = {Springer},
 title = {Incremental Computation of Pseudo-Inverse of Laplacian},
 year = {2014}
}

@inproceedings{DBLP:conf/compgeom/EyalH05,
 author = {Eran Eyal and Dan Halperin},
 booktitle = {Proceedings of the 21st {ACM} Symposium on Computational Geometry, Pisa, Italy, June 6-8, 2005},
 doi = {10.1145/1064092.1064102},
 pages = {45--54},
 publisher = {{ACM}},
 title = {Dynamic maintenance of molecular surfaces under conformational changes},
 year = {2005}
}

@inproceedings{DBLP:conf/complexnetworks/FushimiSIK18,
 author = {Takayasu Fushimi and Kazumi Saito and Tetsuo Ikeda and Kazuhiro Kazama},
 booktitle = {Complex Networks and Their Applications {VII} - Volume 1 Proceedings The 7th International Conference on Complex Networks and Their Applications {COMPLEX} {NETWORKS} 2018, Cambridge, UK, December 11-13, 2018},
 doi = {10.1007/978-3-030-05411-3\_1},
 pages = {3--14},
 publisher = {Springer},
 title = {A New Group Centrality Measure for Maximizing the Connectedness of Network Under Uncertain Connectivity},
 year = {2018}
}

@inproceedings{DBLP:conf/complexnetworks/NarayanS18,
 author = {Onuttom Narayan and Iraj Saniee},
 booktitle = {Complex Networks and Their Applications {VII} - Volume 1 Proceedings The 7th International Conference on Complex Networks and Their Applications {COMPLEX} {NETWORKS} 2018, Cambridge, UK, December 11-13, 2018},
 doi = {10.1007/978-3-030-05411-3\_4},
 pages = {41--51},
 publisher = {Springer},
 title = {Scaling of Random Walk Betweenness in Networks},
 year = {2018}
}

@inproceedings{DBLP:conf/cosn/CohenDPW14,
 author = {Edith Cohen and Daniel Delling and Thomas Pajor and Renato F. Werneck},
 booktitle = {Proceedings of the second {ACM} conference on Online social networks, {COSN} 2014, Dublin, Ireland, October 1-2, 2014},
 doi = {10.1145/2660460.2660465},
 pages = {37--50},
 publisher = {{ACM}},
 title = {Computing classic closeness centrality, at scale},
 year = {2014}
}

@inproceedings{DBLP:conf/cscw/BackstromK14,
 author = {Lars Backstrom and Jon M. Kleinberg},
 booktitle = {Computer Supported Cooperative Work, {CSCW} '14, Baltimore, MD, USA, February 15-19, 2014},
 doi = {10.1145/2531602.2531642},
 pages = {831--841},
 publisher = {{ACM}},
 title = {Romantic partnerships and the dispersion of social ties: a network analysis of relationship status on facebook},
 year = {2014}
}

@inproceedings{DBLP:conf/dsc/ZuoZ16,
 author = {Yang Zuo and Kan Zhang},
 booktitle = {{IEEE} First International Conference on Data Science in Cyberspace, {DSC} 2016, Changsha, China, June 13-16, 2016},
 doi = {10.1109/DSC.2016.63},
 pages = {235--242},
 publisher = {{IEEE} Computer Society},
 title = {Using Structural Features to Characterize Social Ties},
 year = {2016}
}

@inproceedings{DBLP:conf/ecir/LaitangPB13,
 author = {Cyril Laitang and Karen Pinel{-}Sauvagnat and Mohand Boughanem},
 booktitle = {Advances in Information Retrieval - 35th European Conference on {IR} Research, {ECIR} 2013, Moscow, Russia, March 24-27, 2013. Proceedings},
 doi = {10.1007/978-3-642-36973-5\_14},
 pages = {158--170},
 publisher = {Springer},
 title = {{DTD} Based Costs for Tree-Edit Distance in Structured Information Retrieval},
 year = {2013}
}

@inproceedings{DBLP:conf/esa/AngrimanPGM20,
 author = {Eugenio Angriman and Maria Predari and Alexander van der Grinten and Henning Meyerhenke},
 booktitle = {28th Annual European Symposium on Algorithms, {ESA} 2020, September 7-9, 2020, Pisa, Italy (Virtual Conference)},
 doi = {10.4230/LIPIcs.ESA.2020.6},
 pages = {6:1--6:24},
 publisher = {Schloss Dagstuhl - Leibniz-Zentrum f{\"{u}}r Informatik},
 title = {Approximation of the Diagonal of a Laplacian's Pseudoinverse for Complex Network Analysis},
 year = {2020}
}

@inproceedings{DBLP:conf/esa/BorassiN16,
 author = {Michele Borassi and Emanuele Natale},
 booktitle = {24th Annual European Symposium on Algorithms, {ESA} 2016, August 22-24, 2016, Aarhus, Denmark},
 doi = {10.4230/LIPIcs.ESA.2016.20},
 pages = {20:1--20:18},
 publisher = {Schloss Dagstuhl - Leibniz-Zentrum f{\"{u}}r Informatik},
 title = {{KADABRA} is an ADaptive Algorithm for Betweenness via Random Approximation},
 year = {2016}
}

@inproceedings{DBLP:conf/esa/GrintenBGBM18,
 author = {Alexander van der Grinten and Elisabetta Bergamini and Oded Green and David A. Bader and Henning Meyerhenke},
 booktitle = {26th Annual European Symposium on Algorithms, {ESA} 2018, August 20-22, 2018, Helsinki, Finland},
 doi = {10.4230/LIPIcs.ESA.2018.42},
 pages = {42:1--42:14},
 publisher = {Schloss Dagstuhl - Leibniz-Zentrum f{\"{u}}r Informatik},
 title = {Scalable Katz Ranking Computation in Large Static and Dynamic Graphs},
 year = {2018}
}

@inproceedings{DBLP:conf/esa/Henzinger0P020,
 author = {Monika Henzinger and Shahbaz Khan and Richard Paul and Christian Schulz},
 booktitle = {28th Annual European Symposium on Algorithms, {ESA} 2020, September 7-9, 2020, Pisa, Italy (Virtual Conference)},
 doi = {10.4230/LIPIcs.ESA.2020.58},
 pages = {58:1--58:20},
 publisher = {Schloss Dagstuhl - Leibniz-Zentrum f{\"{u}}r Informatik},
 title = {Dynamic Matching Algorithms in Practice},
 year = {2020}
}

@inproceedings{DBLP:conf/esa/KorenweinNNZ18,
 author = {Viatcheslav Korenwein and Andr{\'{e}} Nichterlein and Rolf Niedermeier and Philipp Zschoche},
 booktitle = {26th Annual European Symposium on Algorithms, {ESA} 2018, August 20-22, 2018, Helsinki, Finland},
 doi = {10.4230/LIPIcs.ESA.2018.53},
 pages = {53:1--53:13},
 publisher = {Schloss Dagstuhl - Leibniz-Zentrum f{\"{u}}r Informatik},
 title = {Data Reduction for Maximum Matching on Real-World Graphs: Theory and Experiments},
 year = {2018}
}

@inproceedings{DBLP:conf/europar/BirnOSSS13,
 author = {Marcel Birn and Vitaly Osipov and Peter Sanders and Christian Schulz and Nodari Sitchinava},
 booktitle = {Euro-Par 2013 Parallel Processing - 19th International Conference, Aachen, Germany, August 26-30, 2013. Proceedings},
 doi = {10.1007/978-3-642-40047-6\_66},
 pages = {659--670},
 publisher = {Springer},
 title = {Efficient Parallel and External Matching},
 year = {2013}
}

@inproceedings{DBLP:conf/europar/GrintenAM19,
 author = {Alexander van der Grinten and Eugenio Angriman and Henning Meyerhenke},
 booktitle = {Euro-Par 2019: Parallel Processing - 25th International Conference on Parallel and Distributed Computing, G{\"{o}}ttingen, Germany, August 26-30, 2019, Proceedings},
 doi = {10.1007/978-3-030-29400-7\_31},
 pages = {434--447},
 publisher = {Springer},
 title = {Parallel Adaptive Sampling with Almost No Synchronization},
 year = {2019}
}

@inproceedings{DBLP:conf/faw/OkamotoCL08,
 author = {Kazuya Okamoto and Wei Chen and Xiang{-}Yang Li},
 booktitle = {Frontiers in Algorithmics, Second Annual International Workshop, {FAW} 2008, Changsha, China, June 19-21, 2008, Proceeedings},
 doi = {10.1007/978-3-540-69311-6\_21},
 pages = {186--195},
 publisher = {Springer},
 title = {Ranking of Closeness Centrality for Large-Scale Social Networks},
 year = {2008}
}

@inproceedings{DBLP:conf/focs/Broder89,
 author = {Andrei Z. Broder},
 booktitle = {30th Annual Symposium on Foundations of Computer Science, Research Triangle Park, North Carolina, USA, 30 October - 1 November 1989},
 doi = {10.1109/SFCS.1989.63516},
 pages = {442--447},
 publisher = {{IEEE} Computer Society},
 title = {Generating Random Spanning Trees},
 year = {1989}
}

@inproceedings{DBLP:conf/focs/GuptaP13,
 author = {Manoj Gupta and Richard Peng},
 booktitle = {54th Annual {IEEE} Symposium on Foundations of Computer Science, {FOCS} 2013, 26-29 October, 2013, Berkeley, CA, {USA}},
 doi = {10.1109/FOCS.2013.65},
 pages = {548--557},
 publisher = {{IEEE} Computer Society},
 title = {Fully Dynamic {(1+} e)-Approximate Matchings},
 year = {2013}
}

@inproceedings{DBLP:conf/focs/KoutisMP11,
 author = {Ioannis Koutis and Gary L. Miller and Richard Peng},
 booktitle = {{IEEE} 52nd Annual Symposium on Foundations of Computer Science, {FOCS} 2011, Palm Springs, CA, USA, October 22-25, 2011},
 doi = {10.1109/FOCS.2011.85},
 pages = {590--598},
 publisher = {{IEEE} Computer Society},
 title = {A Nearly-m log n Time Solver for {SDD} Linear Systems},
 year = {2011}
}

@inproceedings{DBLP:conf/focs/KyngS16,
 author = {Rasmus Kyng and Sushant Sachdeva},
 booktitle = {{IEEE} 57th Annual Symposium on Foundations of Computer Science, {FOCS} 2016, 9-11 October 2016, Hyatt Regency, New Brunswick, New Jersey, {USA}},
 doi = {10.1109/FOCS.2016.68},
 pages = {573--582},
 publisher = {{IEEE} Computer Society},
 title = {Approximate Gaussian Elimination for Laplacians - Fast, Sparse, and Simple},
 year = {2016}
}

@inproceedings{DBLP:conf/focs/MehtaSVV05,
 author = {Aranyak Mehta and Amin Saberi and Umesh V. Vazirani and Vijay V. Vazirani},
 booktitle = {46th Annual {IEEE} Symposium on Foundations of Computer Science {(FOCS} 2005), 23-25 October 2005, Pittsburgh, PA, USA, Proceedings},
 doi = {10.1109/SFCS.2005.12},
 pages = {264--273},
 publisher = {{IEEE} Computer Society},
 title = {AdWords and Generalized On-line Matching},
 year = {2005}
}

@inproceedings{DBLP:conf/focs/MicaliV80,
 author = {Silvio Micali and Vijay V. Vazirani},
 booktitle = {21st Annual Symposium on Foundations of Computer Science, Syracuse, New York, USA, 13-15 October 1980},
 doi = {10.1109/SFCS.1980.12},
 pages = {17--27},
 publisher = {{IEEE} Computer Society},
 title = {An O(sqrt({\(\vert\)}v{\(\vert\)}) {\(\vert\)}E{\(\vert\)}) Algorithm for Finding Maximum Matching in General Graphs},
 year = {1980}
}

@inproceedings{DBLP:conf/focs/ShoshanZ99,
 author = {Avi Shoshan and Uri Zwick},
 booktitle = {40th Annual Symposium on Foundations of Computer Science, {FOCS} '99, 17-18 October, 1999, New York, NY, {USA}},
 doi = {10.1109/SFFCS.1999.814635},
 pages = {605--615},
 publisher = {{IEEE} Computer Society},
 title = {All Pairs Shortest Paths in Undirected Graphs with Integer Weights},
 year = {1999}
}

@inproceedings{DBLP:conf/focs/Solomon16,
 author = {Shay Solomon},
 booktitle = {{IEEE} 57th Annual Symposium on Foundations of Computer Science, {FOCS} 2016, 9-11 October 2016, Hyatt Regency, New Brunswick, New Jersey, {USA}},
 doi = {10.1109/FOCS.2016.43},
 pages = {325--334},
 publisher = {{IEEE} Computer Society},
 title = {Fully Dynamic Maximal Matching in Constant Update Time},
 year = {2016}
}

@inproceedings{DBLP:conf/focs/Vondrak09,
 author = {Jan Vondr{\'{a}}k},
 booktitle = {50th Annual {IEEE} Symposium on Foundations of Computer Science, {FOCS} 2009, October 25-27, 2009, Atlanta, Georgia, {USA}},
 doi = {10.1109/FOCS.2009.24},
 pages = {651--670},
 publisher = {{IEEE} Computer Society},
 title = {Symmetry and Approximability of Submodular Maximization Problems},
 year = {2009}
}

@inproceedings{DBLP:conf/focs/Zwick98,
 author = {Uri Zwick},
 booktitle = {39th Annual Symposium on Foundations of Computer Science, {FOCS} '98, November 8-11, 1998, Palo Alto, California, {USA}},
 doi = {10.1109/SFCS.1998.743464},
 pages = {310--319},
 publisher = {{IEEE} Computer Society},
 title = {All Pairs Shortest Paths in Weighted Directed Graphs {\textthreequarters} Exact and Almost Exact Algorithms},
 year = {1998}
}

@inproceedings{DBLP:conf/fsttcs/AnandBGS12,
 author = {Abhash Anand and Surender Baswana and Manoj Gupta and Sandeep Sen},
 booktitle = {{IARCS} Annual Conference on Foundations of Software Technology and Theoretical Computer Science, {FSTTCS} 2012, December 15-17, 2012, Hyderabad, India},
 doi = {10.4230/LIPIcs.FSTTCS.2012.257},
 pages = {257--266},
 publisher = {Schloss Dagstuhl - Leibniz-Zentrum f{\"{u}}r Informatik},
 title = {Maintaining Approximate Maximum Weighted Matching in Fully Dynamic Graphs},
 year = {2012}
}

@inproceedings{DBLP:conf/hpec/LoozOLM16,
 author = {Moritz von Looz and Mustafa Safa {\"{O}}zdayi and S{\"{o}}ren Laue and Henning Meyerhenke},
 booktitle = {2016 {IEEE} High Performance Extreme Computing Conference, {HPEC} 2016, Waltham, MA, USA, September 13-15, 2016},
 doi = {10.1109/HPEC.2016.7761644},
 pages = {1--6},
 publisher = {{IEEE}},
 title = {Generating massive complex networks with hyperbolic geometry faster in practice},
 year = {2016}
}

@inproceedings{DBLP:conf/icalp/ArarCCSW18,
 author = {Moab Arar and Shiri Chechik and Sarel Cohen and Cliff Stein and David Wajc},
 booktitle = {45th International Colloquium on Automata, Languages, and Programming, {ICALP} 2018, July 9-13, 2018, Prague, Czech Republic},
 doi = {10.4230/LIPIcs.ICALP.2018.7},
 pages = {7:1--7:16},
 publisher = {Schloss Dagstuhl - Leibniz-Zentrum f{\"{u}}r Informatik},
 title = {Dynamic Matching: Reducing Integral Algorithms to Approximately-Maximal Fractional Algorithms},
 year = {2018}
}

@inproceedings{DBLP:conf/icde/LiLCCDZ15,
 author = {Yanhua Li and Jun Luo and Chi{-}Yin Chow and Kam{-}Lam Chan and Ye Ding and Fan Zhang},
 booktitle = {31st {IEEE} International Conference on Data Engineering, {ICDE} 2015, Seoul, South Korea, April 13-17, 2015},
 doi = {10.1109/ICDE.2015.7113384},
 pages = {1376--1387},
 publisher = {{IEEE} Computer Society},
 title = {Growing the charging station network for electric vehicles with trajectory data analytics},
 year = {2015}
}

@inproceedings{DBLP:conf/icde/OlsenLH14,
 author = {Paul W. Olsen and Alan G. Labouseur and Jeong{-}Hyon Hwang},
 booktitle = {{IEEE} 30th International Conference on Data Engineering, Chicago, {ICDE} 2014, IL, USA, March 31 - April 4, 2014},
 doi = {10.1109/ICDE.2014.6816651},
 pages = {196--207},
 publisher = {{IEEE} Computer Society},
 title = {Efficient top-k closeness centrality search},
 year = {2014}
}

@inproceedings{DBLP:conf/icdm/JinBZ19,
 author = {Yujia Jin and Qi Bao and Zhongzhi Zhang},
 booktitle = {2019 {IEEE} International Conference on Data Mining, {ICDM} 2019, Beijing, China, November 8-11, 2019},
 doi = {10.1109/ICDM.2019.00044},
 pages = {339--348},
 publisher = {{IEEE}},
 title = {Forest Distance Closeness Centrality in Disconnected Graphs},
 year = {2019}
}

@inproceedings{DBLP:conf/icdm/YenYC13,
 author = {Chia{-}Chen Yen and Mi{-}Yen Yeh and Ming{-}Syan Chen},
 booktitle = {2013 {IEEE} 13th International Conference on Data Mining, Dallas, TX, USA, December 7-10, 2013},
 doi = {10.1109/ICDM.2013.135},
 pages = {867--876},
 publisher = {{IEEE} Computer Society},
 title = {An Efficient Approach to Updating Closeness Centrality and Average Path Length in Dynamic Networks},
 year = {2013}
}

@inproceedings{DBLP:conf/icdm/ZhuangSTZS13,
 author = {Honglei Zhuang and Yihan Sun and Jie Tang and Jialin Zhang and Xiaoming Sun},
 booktitle = {2013 {IEEE} 13th International Conference on Data Mining, Dallas, TX, USA, December 7-10, 2013},
 doi = {10.1109/ICDM.2013.145},
 pages = {1313--1318},
 publisher = {{IEEE} Computer Society},
 title = {Influence Maximization in Dynamic Social Networks},
 year = {2013}
}

@inproceedings{DBLP:conf/iclr/KipfW17,
 author = {Thomas N. Kipf and Max Welling},
 booktitle = {5th International Conference on Learning Representations, {ICLR} 2017, Toulon, France, April 24-26, 2017, Conference Track Proceedings},
 publisher = {OpenReview.net},
 title = {Semi-Supervised Classification with Graph Convolutional Networks},
 year = {2017}
}

@inproceedings{DBLP:conf/icpp/BaderCF05,
 author = {David A. Bader and Guojing Cong and John Feo},
 booktitle = {34th International Conference on Parallel Processing {(ICPP} 2005), 14-17 June 2005, Oslo, Norway},
 doi = {10.1109/ICPP.2005.55},
 pages = {547--556},
 publisher = {{IEEE} Computer Society},
 title = {On the Architectural Requirements for Efficient Execution of Graph Algorithms},
 year = {2005}
}

@inproceedings{DBLP:conf/icwsm/BastianHJ09,
 author = {Mathieu Bastian and Sebastien Heymann and Mathieu Jacomy},
 booktitle = {Proceedings of the Third International Conference on Weblogs and Social Media, {ICWSM} 2009, San Jose, California, USA, May 17-20, 2009},
 publisher = {The {AAAI} Press},
 title = {Gephi: An Open Source Software for Exploring and Manipulating Networks},
 year = {2009}
}

@inproceedings{DBLP:conf/IEEEpact/KhorasaniGB15,
 author = {Farzad Khorasani and Rajiv Gupta and Laxmi N. Bhuyan},
 booktitle = {2015 International Conference on Parallel Architectures and Compilation, {PACT} 2015, San Francisco, CA, USA, October 18-21, 2015},
 doi = {10.1109/PACT.2015.15},
 pages = {39--50},
 publisher = {{IEEE} Computer Society},
 title = {Scalable SIMD-Efficient Graph Processing on GPUs},
 year = {2015}
}

@inproceedings{DBLP:conf/ijcai/HayashiAY16,
 author = {Takanori Hayashi and Takuya Akiba and Yuichi Yoshida},
 booktitle = {Proceedings of the Twenty-Fifth International Joint Conference on Artificial Intelligence, {IJCAI} 2016, New York, NY, USA, 9-15 July 2016},
 pages = {3733--3739},
 publisher = {{IJCAI/AAAI} Press},
 title = {Efficient Algorithms for Spanning Tree Centrality},
 year = {2016}
}

@inproceedings{DBLP:conf/innovations/AlevALG18,
 author = {Vedat Levi Alev and Nima Anari and Lap Chi Lau and Shayan Oveis Gharan},
 booktitle = {9th Innovations in Theoretical Computer Science Conference, {ITCS} 2018, January 11-14, 2018, Cambridge, MA, {USA}},
 doi = {10.4230/LIPIcs.ITCS.2018.41},
 pages = {41:1--41:16},
 publisher = {Schloss Dagstuhl - Leibniz-Zentrum f{\"{u}}r Informatik},
 title = {Graph Clustering using Effective Resistance},
 year = {2018}
}

@inproceedings{DBLP:conf/innovations/StubbsW17,
 author = {Daniel Stubbs and Virginia Vassilevska Williams},
 booktitle = {8th Innovations in Theoretical Computer Science Conference, {ITCS} 2017, January 9-11, 2017, Berkeley, CA, {USA}},
 doi = {10.4230/LIPIcs.ITCS.2017.58},
 pages = {58:1--58:14},
 publisher = {Schloss Dagstuhl - Leibniz-Zentrum f{\"{u}}r Informatik},
 title = {Metatheorems for Dynamic Weighted Matching},
 year = {2017}
}

@inproceedings{DBLP:conf/ipps/MadduriEJBC09,
 author = {Kamesh Madduri and David Ediger and Karl Jiang and David A. Bader and Daniel G. Chavarr{\'{\i}}a{-}Miranda},
 booktitle = {23rd {IEEE} International Symposium on Parallel and Distributed Processing, {IPDPS} 2009, Rome, Italy, May 23-29, 2009},
 doi = {10.1109/IPDPS.2009.5161100},
 pages = {1--8},
 publisher = {{IEEE}},
 title = {A faster parallel algorithm and efficient multithreaded implementations for evaluating betweenness centrality on massive datasets},
 year = {2009}
}

@inproceedings{DBLP:conf/ipps/ManneH14,
 author = {Fredrik Manne and Mahantesh Halappanavar},
 booktitle = {2014 {IEEE} 28th International Parallel and Distributed Processing Symposium, Phoenix, AZ, USA, May 19-23, 2014},
 doi = {10.1109/IPDPS.2014.61},
 pages = {519--528},
 publisher = {{IEEE} Computer Society},
 title = {New Effective Multithreaded Matching Algorithms},
 year = {2014}
}

@inproceedings{DBLP:conf/ipps/SantosKMS16,
 author = {Eunice E. Santos and John Korah and Vairavan Murugappan and Suresh Subramanian},
 booktitle = {2016 {IEEE} International Parallel and Distributed Processing Symposium Workshops, {IPDPS} Workshops 2016, Chicago, IL, USA, May 23-27, 2016},
 doi = {10.1109/IPDPSW.2016.215},
 pages = {1821--1830},
 publisher = {{IEEE} Computer Society},
 title = {Efficient Anytime Anywhere Algorithms for Closeness Centrality in Large and Dynamic Graphs},
 year = {2016}
}

@inproceedings{DBLP:conf/ismb/BorgwardtOSVSK05,
 author = {Karsten M. Borgwardt and Cheng Soon Ong and Stefan Sch{\"{o}}nauer and S. V. N. Vishwanathan and Alexander J. Smola and Hans{-}Peter Kriegel},
 booktitle = {Proceedings Thirteenth International Conference on Intelligent Systems for Molecular Biology 2005, Detroit, MI, USA, 25-29 June 2005},
 doi = {10.1093/bioinformatics/bti1007},
 pages = {47--56},
 title = {Protein function prediction via graph kernels},
 year = {2005}
}

@inproceedings{DBLP:conf/ismp/Lovasz82,
 author = {L{\'{a}}szl{\'{o}} Lov{\'{a}}sz},
 booktitle = {Mathematical Programming The State of the Art, XIth International Symposium on Mathematical Programming, Bonn, Germany, August 23-27, 1982},
 doi = {10.1007/978-3-642-68874-4\_10},
 pages = {235--257},
 publisher = {Springer},
 title = {Submodular functions and convexity},
 year = {1982}
}

@inproceedings{DBLP:conf/isvc/KoutisMT09,
 author = {Ioannis Koutis and Gary L. Miller and David Tolliver},
 booktitle = {Advances in Visual Computing, 5th International Symposium, {ISVC} 2009, Las Vegas, NV, USA, November 30 - December 2, 2009, Proceedings, Part {I}},
 doi = {10.1007/978-3-642-10331-5\_99},
 pages = {1067--1078},
 publisher = {Springer},
 title = {Combinatorial Preconditioners and Multilevel Solvers for Problems in Computer Vision and Image Processing},
 year = {2009}
}

@inproceedings{DBLP:conf/kdd/DongBB19,
 author = {Kun Dong and Austin R. Benson and David Bindel},
 booktitle = {Proceedings of the 25th {ACM} {SIGKDD} International Conference on Knowledge Discovery {\&} Data Mining, {KDD} 2019, Anchorage, AK, USA, August 4-8, 2019},
 doi = {10.1145/3292500.3330891},
 pages = {1152--1161},
 publisher = {{ACM}},
 title = {Network Density of States},
 year = {2019}
}

@inproceedings{DBLP:conf/kdd/MahmoodyTU16,
 author = {Ahmad Mahmoody and Charalampos E. Tsourakakis and Eli Upfal},
 booktitle = {Proceedings of the 22nd {ACM} {SIGKDD} International Conference on Knowledge Discovery and Data Mining, San Francisco, CA, USA, August 13-17, 2016},
 doi = {10.1145/2939672.2939869},
 pages = {1765--1773},
 publisher = {{ACM}},
 title = {Scalable Betweenness Centrality Maximization via Sampling},
 year = {2016}
}

@inproceedings{DBLP:conf/kdd/ProvostJO99,
 author = {Foster J. Provost and David D. Jensen and Tim Oates},
 booktitle = {Proceedings of the Fifth {ACM} {SIGKDD} International Conference on Knowledge Discovery and Data Mining, San Diego, CA, USA, August 15-18, 1999},
 doi = {10.1145/312129.312188},
 pages = {23--32},
 publisher = {{ACM}},
 title = {Efficient Progressive Sampling},
 year = {1999}
}

@inproceedings{DBLP:conf/kdd/YanardagV15,
 author = {Pinar Yanardag and S. V. N. Vishwanathan},
 booktitle = {Proceedings of the 21th {ACM} {SIGKDD} International Conference on Knowledge Discovery and Data Mining, Sydney, NSW, Australia, August 10-13, 2015},
 doi = {10.1145/2783258.2783417},
 pages = {1365--1374},
 publisher = {{ACM}},
 title = {Deep Graph Kernels},
 year = {2015}
}

@inproceedings{DBLP:conf/kdd/Yoshida14,
 author = {Yuichi Yoshida},
 booktitle = {The 20th {ACM} {SIGKDD} International Conference on Knowledge Discovery and Data Mining, {KDD} '14, New York, NY, {USA} - August 24 - 27, 2014},
 doi = {10.1145/2623330.2623626},
 pages = {1416--1425},
 publisher = {{ACM}},
 title = {Almost linear-time algorithms for adaptive betweenness centrality using hypergraph sketches},
 year = {2014}
}

@inproceedings{DBLP:conf/lcn/LuoWCC05,
 author = {Yuhong Luo and Jianxin Wang and Jianer Chen and Songqiao Chen},
 booktitle = {30th Annual {IEEE} Conference on Local Computer Networks {(LCN} 2005), 15-17 November 2005, Sydney, Australia, Proceedings},
 doi = {10.1109/LCN.2005.2},
 pages = {482--483},
 publisher = {{IEEE} Computer Society},
 title = {A Distributed Algorithm based on Probability for Refining Energy-Efficiency of Multicast Trees in Ad Hoc Networks},
 year = {2005}
}

@inproceedings{DBLP:conf/nips/ChapelleWS02,
 author = {Olivier Chapelle and Jason Weston and Bernhard Sch{\"{o}}lkopf},
 booktitle = {Advances in Neural Information Processing Systems 15 [Neural Information Processing Systems, {NIPS} 2002, December 9-14, 2002, Vancouver, British Columbia, Canada]},
 pages = {585--592},
 publisher = {{MIT} Press},
 title = {Cluster Kernels for Semi-Supervised Learning},
 year = {2002}
}

@inproceedings{DBLP:conf/nips/ZhouBLWS03,
 author = {Dengyong Zhou and Olivier Bousquet and Thomas Navin Lal and Jason Weston and Bernhard Sch{\"{o}}lkopf},
 booktitle = {Advances in Neural Information Processing Systems 16 [Neural Information Processing Systems, {NIPS} 2003, December 8-13, 2003, Vancouver and Whistler, British Columbia, Canada]},
 pages = {321--328},
 publisher = {{MIT} Press},
 title = {Learning with Local and Global Consistency},
 year = {2003}
}

@inproceedings{DBLP:conf/osdi/Boyd-WickizerCMPKMZ10,
 author = {Silas Boyd{-}Wickizer and Austin T. Clements and Yandong Mao and Aleksey Pesterev and M. Frans Kaashoek and Robert Tappan Morris and Nickolai Zeldovich},
 booktitle = {9th {USENIX} Symposium on Operating Systems Design and Implementation, {OSDI} 2010, October 4-6, 2010, Vancouver, BC, Canada, Proceedings},
 pages = {1--16},
 publisher = {{USENIX} Association},
 title = {An Analysis of Linux Scalability to Many Cores},
 year = {2010}
}

@inproceedings{DBLP:conf/podc/ArbelA14,
 author = {Maya Arbel and Hagit Attiya},
 booktitle = {{ACM} Symposium on Principles of Distributed Computing, {PODC} '14, Paris, France, July 15-18, 2014},
 doi = {10.1145/2611462.2611471},
 pages = {196--205},
 publisher = {{ACM}},
 title = {Concurrent updates with {RCU:} search tree as an example},
 year = {2014}
}

@inproceedings{DBLP:conf/ppam/ManneB07,
 author = {Fredrik Manne and Rob H. Bisseling},
 booktitle = {Parallel Processing and Applied Mathematics, 7th International Conference, {PPAM} 2007, Gdansk, Poland, September 9-12, 2007, Revised Selected Papers},
 doi = {10.1007/978-3-540-68111-3\_74},
 pages = {708--717},
 publisher = {Springer},
 title = {A Parallel Approximation Algorithm for the Weighted Maximum Matching Problem},
 year = {2007}
}

@inproceedings{DBLP:conf/sc/McLaughlinB14,
 author = {Adam McLaughlin and David A. Bader},
 booktitle = {International Conference for High Performance Computing, Networking, Storage and Analysis, {SC} 2014, New Orleans, LA, USA, November 16-21, 2014},
 doi = {10.1109/SC.2014.52},
 pages = {572--583},
 publisher = {{IEEE} Computer Society},
 title = {Scalable and High Performance Betweenness Centrality on the {GPU}},
 year = {2014}
}

@inproceedings{DBLP:conf/sdm/ChakrabartiZF04,
 author = {Deepayan Chakrabarti and Yiping Zhan and Christos Faloutsos},
 booktitle = {Proceedings of the Fourth {SIAM} International Conference on Data Mining, Lake Buena Vista, Florida, USA, April 22-24, 2004},
 doi = {10.1137/1.9781611972740.43},
 pages = {442--446},
 publisher = {{SIAM}},
 title = {{R-MAT:} {A} Recursive Model for Graph Mining},
 year = {2004}
}

@inproceedings{DBLP:conf/sdm/GrintenAPM21,
 author = {Alexander van der Grinten and Eugenio Angriman and Maria Predari and Henning Meyerhenke},
 booktitle = {Proceedings of the 2021 {SIAM} International Conference on Data Mining, {SDM} 2021, Virtual Event, April 29 - May 1, 2021},
 doi = {10.1137/1.9781611976700.16},
 pages = {136--144},
 publisher = {{SIAM}},
 title = {New Approximation Algorithms for Forest Closeness Centrality - for Individual Vertices and Vertex Groups},
 year = {2021}
}

@inproceedings{DBLP:conf/sdm/IshakianETB12,
 author = {Vatche Ishakian and D{\'{o}}ra Erd{\"{o}}s and Evimaria Terzi and Azer Bestavros},
 booktitle = {Proceedings of the Twelfth {SIAM} International Conference on Data Mining, Anaheim, California, USA, April 26-28, 2012},
 doi = {10.1137/1.9781611972825.37},
 pages = {427--438},
 publisher = {{SIAM} / Omnipress},
 title = {A Framework for the Evaluation and Management of Network Centrality},
 year = {2012}
}

@inproceedings{DBLP:conf/sdm/KangPST11,
 author = {U Kang and Spiros Papadimitriou and Jimeng Sun and Hanghang Tong},
 booktitle = {Proceedings of the Eleventh {SIAM} International Conference on Data Mining, {SDM} 2011, April 28-30, 2011, Mesa, Arizona, {USA}},
 doi = {10.1137/1.9781611972818.11},
 pages = {119--130},
 publisher = {{SIAM} / Omnipress},
 title = {Centralities in Large Networks: Algorithms and Observations},
 year = {2011}
}

@inproceedings{DBLP:conf/siamcsc/BergaminiWLM16,
 author = {Elisabetta Bergamini and Michael Wegner and Dimitar Lukarski and Henning Meyerhenke},
 booktitle = {2016 Proceedings of the Seventh {SIAM} Workshop on Combinatorial Scientific Computing, {CSC} 2016, Albuquerque, New Mexico, USA, October 10-12, 2016},
 doi = {10.1137/1.9781611974690.ch1},
 pages = {1--12},
 publisher = {{SIAM}},
 title = {Estimating Current-Flow Closeness Centrality with a Multigrid Laplacian Solver},
 year = {2016}
}

@inproceedings{DBLP:conf/socialcom/GreenMB12,
 author = {Oded Green and Robert McColl and David A. Bader},
 booktitle = {2012 International Conference on Privacy, Security, Risk and Trust, {PASSAT} 2012, and 2012 International Confernece on Social Computing, SocialCom 2012, Amsterdam, Netherlands, September 3-5, 2012},
 doi = {10.1109/SocialCom-PASSAT.2012.37},
 pages = {11--20},
 publisher = {{IEEE} Computer Society},
 title = {A Fast Algorithm for Streaming Betweenness Centrality},
 year = {2012}
}

@inproceedings{DBLP:conf/soda/0001LSSS19,
 author = {Fabrizio Grandoni and Stefano Leonardi and Piotr Sankowski and Chris Schwiegelshohn and Shay Solomon},
 booktitle = {Proceedings of the Thirtieth Annual {ACM-SIAM} Symposium on Discrete Algorithms, {SODA} 2019, San Diego, California, USA, January 6-9, 2019},
 doi = {10.1137/1.9781611975482.114},
 pages = {1886--1898},
 publisher = {{SIAM}},
 title = {{(1} + {\(\epsilon\)})-Approximate Incremental Matching in Constant Deterministic Amortized Time},
 year = {2019}
}

@inproceedings{DBLP:conf/soda/AbboudGW15,
 author = {Amir Abboud and Fabrizio Grandoni and Virginia Vassilevska Williams},
 booktitle = {Proceedings of the Twenty-Sixth Annual {ACM-SIAM} Symposium on Discrete Algorithms, {SODA} 2015, San Diego, CA, USA, January 4-6, 2015},
 doi = {10.1137/1.9781611973730.112},
 pages = {1681--1697},
 publisher = {{SIAM}},
 title = {Subcubic Equivalences Between Graph Centrality Problems, {APSP} and Diameter},
 year = {2015}
}

@inproceedings{DBLP:conf/soda/AbboudWW16,
 author = {Amir Abboud and Virginia Vassilevska Williams and Joshua R. Wang},
 booktitle = {Proceedings of the Twenty-Seventh Annual {ACM-SIAM} Symposium on Discrete Algorithms, {SODA} 2016, Arlington, VA, USA, January 10-12, 2016},
 doi = {10.1137/1.9781611974331.ch28},
 pages = {377--391},
 publisher = {{SIAM}},
 title = {Approximation and Fixed Parameter Subquadratic Algorithms for Radius and Diameter in Sparse Graphs},
 year = {2016}
}

@inproceedings{DBLP:conf/soda/AlmanW21,
 author = {Josh Alman and Virginia Vassilevska Williams},
 booktitle = {Proceedings of the 2021 {ACM-SIAM} Symposium on Discrete Algorithms, {SODA} 2021, Virtual Conference, January 10 - 13, 2021},
 doi = {10.1137/1.9781611976465.32},
 pages = {522--539},
 publisher = {{SIAM}},
 title = {A Refined Laser Method and Faster Matrix Multiplication},
 year = {2021}
}

@inproceedings{DBLP:conf/soda/BernsteinS16,
 author = {Aaron Bernstein and Cliff Stein},
 booktitle = {Proceedings of the Twenty-Seventh Annual {ACM-SIAM} Symposium on Discrete Algorithms, {SODA} 2016, Arlington, VA, USA, January 10-12, 2016},
 doi = {10.1137/1.9781611974331.ch50},
 pages = {692--711},
 publisher = {{SIAM}},
 title = {Faster Fully Dynamic Matchings with Small Approximation Ratios},
 year = {2016}
}

@inproceedings{DBLP:conf/soda/Gabow90,
 author = {Harold N. Gabow},
 booktitle = {Proceedings of the First Annual {ACM-SIAM} Symposium on Discrete Algorithms, 22-24 January 1990, San Francisco, California, {USA}},
 pages = {434--443},
 publisher = {{SIAM}},
 title = {Data Structures for Weighted Matching and Nearest Common Ancestors with Linking},
 year = {1990}
}

@inproceedings{DBLP:conf/soda/GhaffariW19,
 author = {Mohsen Ghaffari and David Wajc},
 booktitle = {2nd Symposium on Simplicity in Algorithms, {SOSA} 2019, January 8-9, 2019, San Diego, CA, {USA}},
 doi = {10.4230/OASIcs.SOSA.2019.13},
 pages = {13:1--13:8},
 publisher = {Schloss Dagstuhl - Leibniz-Zentrum f{\"{u}}r Informatik},
 title = {Simplified and Space-Optimal Semi-Streaming (2+epsilon)-Approximate Matching},
 year = {2019}
}

@inproceedings{DBLP:conf/soda/GoldbergH05,
 author = {Andrew V. Goldberg and Chris Harrelson},
 booktitle = {Proceedings of the Sixteenth Annual {ACM-SIAM} Symposium on Discrete Algorithms, {SODA} 2005, Vancouver, British Columbia, Canada, January 23-25, 2005},
 pages = {156--165},
 publisher = {{SIAM}},
 title = {Computing the shortest path: \emph{A} search meets graph theory},
 year = {2005}
}

@inproceedings{DBLP:conf/soda/LiZ18,
 author = {Huan Li and Zhongzhi Zhang},
 booktitle = {Proceedings of the Twenty-Ninth Annual {ACM-SIAM} Symposium on Discrete Algorithms, {SODA} 2018, New Orleans, LA, USA, January 7-10, 2018},
 doi = {10.1137/1.9781611975031.153},
 pages = {2377--2396},
 publisher = {{SIAM}},
 title = {Kirchhoff Index as a Measure of Edge Centrality in Weighted Networks: Nearly Linear Time Algorithms},
 year = {2018}
}

@inproceedings{DBLP:conf/soda/Sankowski07,
 author = {Piotr Sankowski},
 booktitle = {Proceedings of the Eighteenth Annual {ACM-SIAM} Symposium on Discrete Algorithms, {SODA} 2007, New Orleans, Louisiana, USA, January 7-9, 2007},
 pages = {118--126},
 publisher = {{SIAM}},
 title = {Faster dynamic matchings and vertex connectivity},
 year = {2007}
}

@inproceedings{DBLP:conf/sosp/DavidGT13,
 author = {Tudor David and Rachid Guerraoui and Vasileios Trigonakis},
 booktitle = {{ACM} {SIGOPS} 24th Symposium on Operating Systems Principles, {SOSP} '13, Farmington, PA, USA, November 3-6, 2013},
 doi = {10.1145/2517349.2522714},
 pages = {33--48},
 publisher = {{ACM}},
 title = {Everything you always wanted to know about synchronization but were afraid to ask},
 year = {2013}
}

@inproceedings{DBLP:conf/spaa/BlellochGKMPT11,
 author = {Guy E. Blelloch and Anupam Gupta and Ioannis Koutis and Gary L. Miller and Richard Peng and Kanat Tangwongsan},
 booktitle = {{SPAA} 2011: Proceedings of the 23rd Annual {ACM} Symposium on Parallelism in Algorithms and Architectures, San Jose, CA, USA, June 4-6, 2011 (Co-located with {FCRC} 2011)},
 doi = {10.1145/1989493.1989496},
 pages = {13--22},
 publisher = {{ACM}},
 title = {Near linear-work parallel {SDD} solvers, low-diameter decomposition, and low-stretch subgraphs},
 year = {2011}
}

@inproceedings{DBLP:conf/sspr/RiesenB08,
 author = {Kaspar Riesen and Horst Bunke},
 booktitle = {Structural, Syntactic, and Statistical Pattern Recognition, Joint {IAPR} International Workshop, {SSPR} {\&} {SPR} 2008, Orlando, USA, December 4-6, 2008. Proceedings},
 doi = {10.1007/978-3-540-89689-0\_33},
 pages = {287--297},
 publisher = {Springer},
 title = {{IAM} Graph Database Repository for Graph Based Pattern Recognition and Machine Learning},
 year = {2008}
}

@inproceedings{DBLP:conf/stacs/BrandesF05,
 author = {Ulrik Brandes and Daniel Fleischer},
 booktitle = {{STACS} 2005, 22nd Annual Symposium on Theoretical Aspects of Computer Science, Stuttgart, Germany, February 24-26, 2005, Proceedings},
 doi = {10.1007/978-3-540-31856-9\_44},
 pages = {533--544},
 publisher = {Springer},
 title = {Centrality Measures Based on Current Flow},
 year = {2005}
}

@inproceedings{DBLP:conf/stacs/Preis99,
 author = {Robert Preis},
 booktitle = {{STACS} 99, 16th Annual Symposium on Theoretical Aspects of Computer Science, Trier, Germany, March 4-6, 1999, Proceedings},
 doi = {10.1007/3-540-49116-3\_24},
 pages = {259--269},
 publisher = {Springer},
 title = {Linear Time 1/2-Approximation Algorithm for Maximum Weighted Matching in General Graphs},
 year = {1999}
}

@inproceedings{DBLP:conf/stoc/BhattacharyaHN16,
 author = {Sayan Bhattacharya and Monika Henzinger and Danupon Nanongkai},
 booktitle = {Proceedings of the 48th Annual {ACM} {SIGACT} Symposium on Theory of Computing, {STOC} 2016, Cambridge, MA, USA, June 18-21, 2016},
 doi = {10.1145/2897518.2897568},
 pages = {398--411},
 publisher = {{ACM}},
 title = {New deterministic approximation algorithms for fully dynamic matching},
 year = {2016}
}

@inproceedings{DBLP:conf/stoc/CohenKMPPRX14,
 author = {Michael B. Cohen and Rasmus Kyng and Gary L. Miller and Jakub W. Pachocki and Richard Peng and Anup B. Rao and Shen Chen Xu},
 booktitle = {Symposium on Theory of Computing, {STOC} 2014, New York, NY, USA, May 31 - June 03, 2014},
 doi = {10.1145/2591796.2591833},
 pages = {343--352},
 publisher = {{ACM}},
 title = {Solving {SDD} linear systems in nearly \emph{m}log\({}^{\mbox{1/2}}\)\emph{n} time},
 year = {2014}
}

@inproceedings{DBLP:conf/stoc/KelnerOSZ13,
 author = {Jonathan A. Kelner and Lorenzo Orecchia and Aaron Sidford and Zeyuan Allen Zhu},
 booktitle = {Symposium on Theory of Computing Conference, STOC'13, Palo Alto, CA, USA, June 1-4, 2013},
 doi = {10.1145/2488608.2488724},
 pages = {911--920},
 publisher = {{ACM}},
 title = {A simple, combinatorial algorithm for solving {SDD} systems in nearly-linear time},
 year = {2013}
}

@inproceedings{DBLP:conf/stoc/KyngLPSS16,
 author = {Rasmus Kyng and Yin Tat Lee and Richard Peng and Sushant Sachdeva and Daniel A. Spielman},
 booktitle = {Proceedings of the 48th Annual {ACM} {SIGACT} Symposium on Theory of Computing, {STOC} 2016, Cambridge, MA, USA, June 18-21, 2016},
 doi = {10.1145/2897518.2897640},
 pages = {842--850},
 publisher = {{ACM}},
 title = {Sparsified Cholesky and multigrid solvers for connection laplacians},
 year = {2016}
}

@inproceedings{DBLP:conf/stoc/OnakR10,
 author = {Krzysztof Onak and Ronitt Rubinfeld},
 booktitle = {Proceedings of the 42nd {ACM} Symposium on Theory of Computing, {STOC} 2010, Cambridge, Massachusetts, USA, 5-8 June 2010},
 doi = {10.1145/1806689.1806753},
 pages = {457--464},
 publisher = {{ACM}},
 title = {Maintaining a large matching and a small vertex cover},
 year = {2010}
}

@inproceedings{DBLP:conf/stoc/PengS14,
 author = {Richard Peng and Daniel A. Spielman},
 booktitle = {Symposium on Theory of Computing, {STOC} 2014, New York, NY, USA, May 31 - June 03, 2014},
 doi = {10.1145/2591796.2591832},
 pages = {333--342},
 publisher = {{ACM}},
 title = {An efficient parallel solver for {SDD} linear systems},
 year = {2014}
}

@inproceedings{DBLP:conf/stoc/Schild18,
 author = {Aaron Schild},
 booktitle = {Proceedings of the 50th Annual {ACM} {SIGACT} Symposium on Theory of Computing, {STOC} 2018, Los Angeles, CA, USA, June 25-29, 2018},
 doi = {10.1145/3188745.3188852},
 pages = {214--227},
 publisher = {{ACM}},
 title = {An almost-linear time algorithm for uniform random spanning tree generation},
 year = {2018}
}

@inproceedings{DBLP:conf/stoc/Wilson96,
 author = {David Bruce Wilson},
 booktitle = {Proceedings of the Twenty-Eighth Annual {ACM} Symposium on the Theory of Computing, Philadelphia, Pennsylvania, USA, May 22-24, 1996},
 doi = {10.1145/237814.237880},
 pages = {296--303},
 publisher = {{ACM}},
 title = {Generating Random Spanning Trees More Quickly than the Cover Time},
 year = {1996}
}

@inproceedings{DBLP:conf/stoc/Zwick99,
 author = {Uri Zwick},
 booktitle = {Proceedings of the Thirty-First Annual {ACM} Symposium on Theory of Computing, May 1-4, 1999, Atlanta, Georgia, {USA}},
 doi = {10.1145/301250.301271},
 pages = {61--69},
 publisher = {{ACM}},
 title = {All Pairs Lightest Shortest Paths},
 year = {1999}
}

@inproceedings{DBLP:conf/vldb/LiptonN89,
 author = {Richard J. Lipton and Jeffrey F. Naughton},
 booktitle = {Proceedings of the Fifteenth International Conference on Very Large Data Bases, August 22-25, 1989, Amsterdam, The Netherlands},
 pages = {165--171},
 publisher = {Morgan Kaufmann},
 title = {Estimating the Size of Generalized Transitive Closures},
 year = {1989}
}

@inproceedings{DBLP:conf/waw/AvrachenkovGS13,
 author = {Konstantin Avrachenkov and Paulo Gon{\c{c}}alves and Marina Sokol},
 booktitle = {Algorithms and Models for the Web Graph - 10th International Workshop, {WAW} 2013, Cambridge, MA, USA, December 14-15, 2013, Proceedings},
 doi = {10.1007/978-3-319-03536-9\_5},
 pages = {56--67},
 publisher = {Springer},
 title = {On the Choice of Kernel and Labelled Data in Semi-supervised Learning Methods},
 year = {2013}
}

@inproceedings{DBLP:conf/waw/BaderKMM07,
 author = {David A. Bader and Shiva Kintali and Kamesh Madduri and Milena Mihail},
 booktitle = {Algorithms and Models for the Web-Graph, 5th International Workshop, {WAW} 2007, San Diego, CA, USA, December 11-12, 2007, Proceedings},
 doi = {10.1007/978-3-540-77004-6\_10},
 pages = {124--137},
 publisher = {Springer},
 title = {Approximating Betweenness Centrality},
 year = {2007}
}

@inproceedings{DBLP:conf/wea/BergaminiMOS17,
 author = {Elisabetta Bergamini and Henning Meyerhenke and Mark Ortmann and Arie Slobbe},
 booktitle = {16th International Symposium on Experimental Algorithms, {SEA} 2017, June 21-23, 2017, London, {UK}},
 doi = {10.4230/LIPIcs.SEA.2017.23},
 pages = {23:1--23:16},
 publisher = {Schloss Dagstuhl - Leibniz-Zentrum f{\"{u}}r Informatik},
 title = {Faster Betweenness Centrality Updates in Evolving Networks},
 year = {2017}
}

@inproceedings{DBLP:conf/wea/DrakeH03,
 author = {Doratha E. Drake and Stefan Hougardy},
 booktitle = {Experimental and Efficient Algorithms, Second International Workshop, {WEA} 2003, Ascona, Switzerland, May 26-28, 2003, Proceedings},
 doi = {10.1007/3-540-44867-5\_9},
 pages = {107--119},
 publisher = {Springer},
 title = {Linear Time Local Improvements for Weighted Matchings in Graphs},
 year = {2003}
}

@inproceedings{DBLP:conf/wea/MaueS07,
 author = {Jens Maue and Peter Sanders},
 booktitle = {Experimental Algorithms, 6th International Workshop, {WEA} 2007, Rome, Italy, June 6-8, 2007, Proceedings},
 doi = {10.1007/978-3-540-72845-0\_19},
 pages = {242--255},
 publisher = {Springer},
 title = {Engineering Algorithms for Approximate Weighted Matching},
 year = {2007}
}

@inproceedings{DBLP:conf/wg/IvkovicL93,
 author = {Zoran Ivkovic and Errol L. Lloyd},
 booktitle = {Graph-Theoretic Concepts in Computer Science, 19th International Workshop, {WG} '93, Utrecht, The Netherlands, June 16-18, 1993, Proceedings},
 doi = {10.1007/3-540-57899-4\_44},
 pages = {99--111},
 publisher = {Springer},
 title = {Fully Dynamic Maintenance of Vertex Cover},
 year = {1993}
}

@inproceedings{DBLP:conf/www/0002PSYZ19,
 author = {Huan Li and Richard Peng and Liren Shan and Yuhao Yi and Zhongzhi Zhang},
 booktitle = {The World Wide Web Conference, {WWW} 2019, San Francisco, CA, USA, May 13-17, 2019},
 doi = {10.1145/3308558.3313490},
 pages = {961--971},
 publisher = {{ACM}},
 title = {Current Flow Group Closeness Centrality for Complex Networks?},
 year = {2019}
}

@inproceedings{DBLP:conf/www/LeeC14,
 author = {Min{-}Joong Lee and Chin{-}Wan Chung},
 booktitle = {23rd International World Wide Web Conference, {WWW} '14, Seoul, Republic of Korea, April 7-11, 2014, Companion Volume},
 doi = {10.1145/2567948.2577358},
 pages = {339--340},
 publisher = {{ACM}},
 title = {Finding k-highest betweenness centrality vertices in graphs},
 year = {2014}
}

@inproceedings{DBLP:conf/www/MavroforakisGKT15,
 author = {Charalampos Mavroforakis and Richard Garcia{-}Lebron and Ioannis Koutis and Evimaria Terzi},
 booktitle = {Proceedings of the 24th International Conference on World Wide Web, {WWW} 2015, Florence, Italy, May 18-22, 2015},
 doi = {10.1145/2736277.2741125},
 pages = {732--742},
 publisher = {{ACM}},
 title = {Spanning Edge Centrality: Large-scale Computation and Applications},
 year = {2015}
}

@inproceedings{DBLP:conf/www/ZhaoLTG14,
 author = {Junzhou Zhao and John C. S. Lui and Don Towsley and Xiaohong Guan},
 booktitle = {23rd International World Wide Web Conference, {WWW} '14, Seoul, Republic of Korea, April 7-11, 2014, Companion Volume},
 doi = {10.1145/2567948.2579356},
 pages = {689--694},
 publisher = {{ACM}},
 title = {Measuring and maximizing group closeness centrality over disk-resident graphs},
 year = {2014}
}

@article{DBLP:journals/algorithmica/MuchaS06,
 author = {Marcin Mucha and Piotr Sankowski},
 doi = {10.1007/s00453-005-1187-5},
 journal = {Algorithmica},
 number = {1},
 pages = {3--20},
 title = {Maximum Matchings in Planar Graphs via Gaussian Elimination},
 volume = {45},
 year = {2006}
}

@article{DBLP:journals/algorithms/AngrimanGLMNPT19,
 author = {Eugenio Angriman and Alexander van der Grinten and Moritz von Looz and Henning Meyerhenke and Martin N{\"{o}}llenburg and Maria Predari and Charilaos Tzovas},
 doi = {10.3390/a12070127},
 journal = {Algorithms},
 number = {7},
 pages = {127},
 title = {Guidelines for Experimental Algorithmics: {A} Case Study in Network Analysis},
 volume = {12},
 year = {2019}
}

@article{DBLP:journals/bmcsb/AshtianiSRHWMJ18,
 author = {Minoo Ashtiani and Ali Salehzadeh{-}Yazdi and Zahra Razaghi{-}Moghadam and Holger Hennig and Olaf Wolkenhauer and Mehdi Mirzaie and Mohieddin Jafari},
 doi = {10.1186/s12918-018-0598-2},
 journal = {{BMC} Syst. Biol.},
 number = {1},
 pages = {80:1--80:17},
 title = {A systematic survey of centrality measures for protein-protein interaction networks},
 volume = {12},
 year = {2018}
}

@article{DBLP:journals/cm/HuZZYW10,
 author = {Honglin Hu and Jian Zhang and Xiaoying Zheng and Yang Yang and Ping Wu},
 doi = {10.1109/MCOM.2010.5402670},
 journal = {{IEEE} Commun. Mag.},
 number = {2},
 pages = {94--100},
 title = {Self-configuration and self-optimization for {LTE} networks},
 volume = {48},
 year = {2010}
}

@article{DBLP:journals/corr/abs-1106-5524,
 author = {Lovro Subelj and Marko Bajec},
 journal = {CoRR},
 title = {Robust network community detection using balanced propagation},
 volume = {abs/1106.5524},
 year = {2011}
}

@article{DBLP:journals/corr/abs-1303-0422,
 author = {Ahmet Erdem Sariy{\"{u}}ce and Kamer Kaya and Erik Saule and {\"{U}}mit V. {\c{C}}ataly{\"{u}}rek},
 journal = {CoRR},
 title = {Incremental Algorithms for Network Management and Analysis based on Closeness Centrality},
 volume = {abs/1303.0422},
 year = {2013}
}

@article{DBLP:journals/corr/abs-1711-06883,
 author = {Moses Charikar and Shay Solomon},
 journal = {CoRR},
 title = {Fully Dynamic Almost-Maximal Matching: Breaking the Polynomial Barrier for Worst-Case Time Bounds},
 volume = {abs/1711.06883},
 year = {2017}
}

@article{DBLP:journals/corr/abs-1810-10094,
 author = {Mostafa Haghir Chehreghani and Albert Bifet and Talel Abdessalem},
 journal = {CoRR},
 title = {Novel Adaptive Algorithms for Estimating Betweenness, Coverage and k-path Centralities},
 volume = {abs/1810.10094},
 year = {2018}
}

@article{DBLP:journals/corr/abs-1811-05868,
 author = {Oleksandr Shchur and Maximilian Mumme and Aleksandar Bojchevski and Stephan G{\"{u}}nnemann},
 journal = {CoRR},
 title = {Pitfalls of Graph Neural Network Evaluation},
 volume = {abs/1811.05868},
 year = {2018}
}

@article{DBLP:journals/corr/abs-math-0602070,
 author = {Pavel Chebotarev and Elena Shamis},
 journal = {CoRR},
 title = {The Matrix-Forest Theorem and Measuring Relations in Small Social Groups},
 volume = {abs/math/0602070},
 year = {2006}
}

@article{DBLP:journals/corr/abs-math-0602073,
 author = {Pavel Chebotarev and Elena Shamis},
 journal = {CoRR},
 title = {On Proximity Measures for Graph Vertices},
 volume = {abs/math/0602073},
 year = {2006}
}

@article{DBLP:journals/corr/cond-mat-0106096,
 author = {R{\'{e}}ka Albert and Albert{-}L{\'{a}}szl{\'{o}} Barab{\'{a}}si},
 journal = {CoRR},
 title = {Statistical mechanics of complex networks},
 volume = {cond-mat/0106096},
 year = {2001}
}

@article{DBLP:journals/corr/cond-mat-9907038,
 author = {R{\'{e}}ka Albert and Hawoong Jeong and Albert{-}L{\'{a}}szl{\'{o}} Barab{\'{a}}si},
 journal = {CoRR},
 title = {The diameter of the world wide web},
 volume = {cond-mat/9907038},
 year = {1999}
}

@article{DBLP:journals/corr/cs-DC-0410047,
 author = {Jaap{-}Henk Hoepman},
 journal = {CoRR},
 title = {Simple Distributed Weighted Matchings},
 volume = {cs.DC/0410047},
 year = {2004}
}

@article{DBLP:journals/datamine/RiondatoK16,
 author = {Matteo Riondato and Evgenios M. Kornaropoulos},
 doi = {10.1007/s10618-015-0423-0},
 journal = {Data Min. Knowl. Discov.},
 number = {2},
 pages = {438--475},
 title = {Fast approximation of betweenness centrality through sampling},
 volume = {30},
 year = {2016}
}

@article{DBLP:journals/dc/HalldorssonKPR18,
 author = {Magn{\'{u}}s M. Halld{\'{o}}rsson and Sven K{\"{o}}hler and Boaz Patt{-}Shamir and Dror Rawitz},
 doi = {10.1007/s00446-017-0299-x},
 journal = {Distributed Comput.},
 number = {2},
 pages = {83--98},
 title = {Distributed backup placement in networks},
 volume = {31},
 year = {2018}
}

@article{DBLP:journals/eatcs/Manlove14,
 author = {David F. Manlove},
 journal = {Bull. {EATCS}},
 title = {Algorithmics of Matching Under Preferences},
 volume = {112},
 year = {2014}
}

@article{DBLP:journals/endm/ChebotarevS02,
 author = {Pavel Chebotarev and Elena Shamis},
 doi = {10.1016/S1571-0653(04)00058-7},
 journal = {Electron. Notes Discret. Math.},
 pages = {98--107},
 title = {The Forest Metrics for Graph Vertices},
 volume = {11},
 year = {2002}
}

@article{DBLP:journals/entcs/BorassiCH16,
 author = {Michele Borassi and Pierluigi Crescenzi and Michel Habib},
 doi = {10.1016/j.entcs.2016.03.005},
 journal = {Electron. Notes Theor. Comput. Sci.},
 pages = {51--67},
 title = {Into the Square: On the Complexity of Some Quadratic-time Solvable Problems},
 volume = {322},
 year = {2016}
}

@article{DBLP:journals/ijbc/BrandesP07,
 author = {Ulrik Brandes and Christian Pich},
 doi = {10.1142/S0218127407018403},
 journal = {Int. J. Bifurc. Chaos},
 number = {7},
 pages = {2303--2318},
 title = {Centrality Estimation in Large Networks},
 volume = {17},
 year = {2007}
}

@article{DBLP:journals/ijprai/ConteFSV04,
 author = {Donatello Conte and Pasquale Foggia and Carlo Sansone and Mario Vento},
 doi = {10.1142/S0218001404003228},
 journal = {Int. J. Pattern Recognit. Artif. Intell.},
 number = {3},
 pages = {265--298},
 title = {Thirty Years Of Graph Matching In Pattern Recognition},
 volume = {18},
 year = {2004}
}

@article{DBLP:journals/im/BergaminiM16,
 author = {Elisabetta Bergamini and Henning Meyerhenke},
 doi = {10.1080/15427951.2016.1177802},
 journal = {Internet Math.},
 number = {5},
 pages = {281--314},
 title = {Approximating Betweenness Centrality in Fully Dynamic Networks},
 volume = {12},
 year = {2016}
}

@article{DBLP:journals/im/BoldiV14,
 author = {Paolo Boldi and Sebastiano Vigna},
 doi = {10.1080/15427951.2013.865686},
 journal = {Internet Math.},
 number = {3-4},
 pages = {222--262},
 title = {Axioms for Centrality},
 volume = {10},
 year = {2014}
}

@article{DBLP:journals/ior/Bixby02,
 author = {Robert E. Bixby},
 doi = {10.1287/opre.50.1.3.17780},
 journal = {Oper. Res.},
 number = {1},
 pages = {3--15},
 title = {Solving Real-World Linear Programs: {A} Decade and More of Progress},
 volume = {50},
 year = {2002}
}

@article{DBLP:journals/ipl/DolevEPZ09,
 author = {Shlomi Dolev and Yuval Elovici and Rami Puzis and Polina Zilberman},
 doi = {10.1016/j.ipl.2009.07.019},
 journal = {Inf. Process. Lett.},
 number = {20},
 pages = {1172--1176},
 title = {Incremental deployment of network monitors based on Group Betweenness Centrality},
 volume = {109},
 year = {2009}
}

@article{DBLP:journals/ipl/DrakeH03,
 author = {Doratha E. Drake and Stefan Hougardy},
 doi = {10.1016/S0020-0190(02)00393-9},
 journal = {Inf. Process. Lett.},
 number = {4},
 pages = {211--213},
 title = {A simple approximation algorithm for the weighted matching problem},
 volume = {85},
 year = {2003}
}

@article{DBLP:journals/ipl/KashyopN20,
 author = {Manas Jyoti Kashyop and N. S. Narayanaswamy},
 doi = {10.1016/j.ipl.2020.105982},
 journal = {Inf. Process. Lett.},
 pages = {105982},
 title = {Lazy or eager dynamic matching may not be fast},
 volume = {162},
 year = {2020}
}

@article{DBLP:journals/ipl/MerrerST14,
 author = {Erwan Le Merrer and Nicolas Le Scouarnec and Gilles Tr{\'{e}}dan},
 doi = {10.1016/j.ipl.2014.03.006},
 journal = {Inf. Process. Lett.},
 number = {8},
 pages = {432--436},
 title = {Heuristical top-k: fast estimation of centralities in complex networks},
 volume = {114},
 year = {2014}
}

@article{DBLP:journals/isci/ZhaoWLTG17,
 author = {Junzhou Zhao and Pinghui Wang and John C. S. Lui and Don Towsley and Xiaohong Guan},
 doi = {10.1016/j.ins.2017.03.017},
 journal = {Inf. Sci.},
 pages = {105--128},
 title = {I/O-efficient calculation of H-group closeness centrality over disk-resident graphs},
 volume = {400},
 year = {2017}
}

@article{DBLP:journals/isci/ZhuWWZ14,
 author = {Tian Zhu and Bai Wang and Bin Wu and Chuanxi Zhu},
 doi = {10.1016/j.ins.2014.03.070},
 journal = {Inf. Sci.},
 pages = {535--544},
 title = {Maximizing the spread of influence ranking in social networks},
 volume = {278},
 year = {2014}
}

@article{DBLP:journals/it/GrintenAM20,
 author = {Alexander van der Grinten and Eugenio Angriman and Henning Meyerhenke},
 doi = {10.1515/itit-2019-0032},
 journal = {it Inf. Technol.},
 number = {3-4},
 pages = {189--204},
 title = {Scaling up network centrality computations - {A} brief overview},
 volume = {62},
 year = {2020}
}

@article{DBLP:journals/jacm/AvronT11,
 author = {Haim Avron and Sivan Toledo},
 doi = {10.1145/1944345.1944349},
 journal = {J. {ACM}},
 number = {2},
 pages = {8:1--8:34},
 title = {Randomized algorithms for estimating the trace of an implicit symmetric positive semi-definite matrix},
 volume = {58},
 year = {2011}
}

@article{DBLP:journals/jacm/DemetrescuI04,
 author = {Camil Demetrescu and Giuseppe F. Italiano},
 doi = {10.1145/1039488.1039492},
 journal = {J. {ACM}},
 number = {6},
 pages = {968--992},
 title = {A new approach to dynamic all pairs shortest paths},
 volume = {51},
 year = {2004}
}

@article{DBLP:journals/jacm/GabowT91,
 author = {Harold N. Gabow and Robert Endre Tarjan},
 doi = {10.1145/115234.115366},
 journal = {J. {ACM}},
 number = {4},
 pages = {815--853},
 title = {Faster Scaling Algorithms for General Graph-Matching Problems},
 volume = {38},
 year = {1991}
}

@article{DBLP:journals/jasis/Leydesdorff07a,
 author = {Loet Leydesdorff},
 doi = {10.1002/asi.20614},
 journal = {J. Assoc. Inf. Sci. Technol.},
 number = {9},
 pages = {1303--1319},
 title = {Betweenness centrality as an indicator of the interdisciplinarity of scientific journals},
 volume = {58},
 year = {2007}
}

@article{DBLP:journals/jcss/Cohen97,
 author = {Edith Cohen},
 doi = {10.1006/jcss.1997.1534},
 journal = {J. Comput. Syst. Sci.},
 number = {3},
 pages = {441--453},
 title = {Size-Estimation Framework with Applications to Transitive Closure and Reachability},
 volume = {55},
 year = {1997}
}

@article{DBLP:journals/jcss/ImpagliazzoPZ01,
 author = {Russell Impagliazzo and Ramamohan Paturi and Francis Zane},
 doi = {10.1006/jcss.2001.1774},
 journal = {J. Comput. Syst. Sci.},
 number = {4},
 pages = {512--530},
 title = {Which Problems Have Strongly Exponential Complexity?},
 volume = {63},
 year = {2001}
}

@article{DBLP:journals/jea/BarenboimM19,
 author = {Leonid Barenboim and Tzalik Maimon},
 doi = {10.1145/3338529},
 journal = {{ACM} J. Exp. Algorithmics},
 number = {1},
 pages = {1.14:1--1.14:24},
 title = {Fully Dynamic Graph Algorithms Inspired by Distributed Computing: Deterministic Maximal Matching and Edge Coloring in Sublinear Update-Time},
 volume = {24},
 year = {2019}
}

@article{DBLP:journals/jea/DibbeltSW16,
 author = {Julian Dibbelt and Ben Strasser and Dorothea Wagner},
 doi = {10.1145/2886843},
 journal = {{ACM} J. Exp. Algorithmics},
 number = {1},
 pages = {1.5:1--1.5:49},
 title = {Customizable Contraction Hierarchies},
 volume = {21},
 year = {2016}
}

@article{DBLP:journals/jea/MagnienLH08,
 author = {Cl{\'{e}}mence Magnien and Matthieu Latapy and Michel Habib},
 doi = {10.1145/1412228.1455266},
 journal = {{ACM} J. Exp. Algorithmics},
 title = {Fast computation of empirically tight bounds for the diameter of massive graphs},
 volume = {13},
 year = {2008}
}

@article{DBLP:journals/jgaa/EppsteinW04,
 author = {David Eppstein and Joseph Wang},
 doi = {10.7155/jgaa.00081},
 journal = {J. Graph Algorithms Appl.},
 pages = {39--45},
 title = {Fast Approximation of Centrality},
 volume = {8},
 year = {2004}
}

@article{DBLP:journals/jis/OtteR02,
 author = {Evelien Otte and Ronald Rousseau},
 doi = {10.1177/016555150202800601},
 journal = {J. Inf. Sci.},
 number = {6},
 pages = {441--453},
 title = {Social network analysis: a powerful strategy, also for the information sciences},
 volume = {28},
 year = {2002}
}

@article{DBLP:journals/jits/PuzisAEBSP13,
 author = {Rami Puzis and Yaniv Altshuler and Yuval Elovici and Shlomo Bekhor and Yoram Shiftan and Alex Pentland},
 doi = {10.1080/15472450.2012.716663},
 journal = {J. Intell. Transp. Syst.},
 number = {1},
 pages = {91--105},
 title = {Augmented Betweenness Centrality for Environmentally Aware Traffic Monitoring in Transportation Networks},
 volume = {17},
 year = {2013}
}

@article{DBLP:journals/joss/Dekker05,
 author = {Anthony Dekker},
 journal = {J. Soc. Struct.},
 title = {Conceptual Distance in Social Network Analysis},
 volume = {6},
 year = {2005}
}

@article{DBLP:journals/jpdc/Patt-ShamirRS12,
 author = {Boaz Patt{-}Shamir and Dror Rawitz and Gabriel Scalosub},
 doi = {10.1016/j.jpdc.2011.12.003},
 journal = {J. Parallel Distributed Comput.},
 number = {3},
 pages = {402--408},
 title = {Distributed approximation of cellular coverage},
 volume = {72},
 year = {2012}
}

@article{DBLP:journals/mp/GoldbergK04,
 author = {Andrew V. Goldberg and Alexander V. Karzanov},
 doi = {10.1007/s10107-004-0505-z},
 journal = {Math. Program.},
 number = {3},
 pages = {537--568},
 title = {Maximum skew-symmetric flows and matchings},
 volume = {100},
 year = {2004}
}

@article{DBLP:journals/mp/NemhauserWF78,
 author = {George L. Nemhauser and Laurence A. Wolsey and Marshall L. Fisher},
 doi = {10.1007/BF01588971},
 journal = {Math. Program.},
 number = {1},
 pages = {265--294},
 title = {An analysis of approximations for maximizing submodular set functions - {I}},
 volume = {14},
 year = {1978}
}

@article{DBLP:journals/na/SidjeS11,
 author = {Roger B. Sidje and Yousef Saad},
 doi = {10.1007/s11075-010-9397-6},
 journal = {Numer. Algorithms},
 number = {3},
 pages = {455--479},
 title = {Rational approximation to the Fermi-Dirac function with applications in density functional theory},
 volume = {56},
 year = {2011}
}

@article{DBLP:journals/nar/SchomburgCEGHHS04,
 author = {Ida Schomburg and Antje Chang and Christian Ebeling and Marion Gremse and Christian Heldt and Gregor Huhn and Dietmar Schomburg},
 doi = {10.1093/nar/gkh081},
 journal = {Nucleic Acids Res.},
 number = {Database-Issue},
 pages = {431--433},
 title = {BRENDA, the enzyme database: updates and major new developments},
 volume = {32},
 year = {2004}
}

@article{DBLP:journals/netsci/StaudtSM16,
 author = {Christian L. Staudt and Aleksejs Sazonovs and Henning Meyerhenke},
 doi = {10.1017/nws.2016.20},
 journal = {Netw. Sci.},
 number = {4},
 pages = {508--530},
 title = {NetworKit: {A} tool suite for large-scale complex network analysis},
 volume = {4},
 year = {2016}
}

@article{DBLP:journals/networks/Avis83,
 author = {David Avis},
 doi = {10.1002/net.3230130404},
 journal = {Networks},
 number = {4},
 pages = {475--493},
 title = {A survey of heuristics for the weighted matching problem},
 volume = {13},
 year = {1983}
}

@article{DBLP:journals/networks/Johnson94,
 author = {Rubin Johnson},
 doi = {10.1002/net.3230240219},
 journal = {Networks},
 number = {2},
 pages = {129--130},
 title = {The stable marriage problem: Structure and algorithms, by Dan Gusfield and Robert Irving, The {MIT} Press, Cambridge, MA, 1989, 240 pp., {\textdollar}27.50},
 volume = {24},
 year = {1994}
}

@article{DBLP:journals/nla/TangS12,
 author = {Jok Man Tang and Yousef Saad},
 doi = {10.1002/nla.779},
 journal = {Numer. Linear Algebra Appl.},
 number = {3},
 pages = {485--501},
 title = {A probing method for computing the diagonal of a matrix inverse},
 volume = {19},
 year = {2012}
}

@article{DBLP:journals/pc/Jacquelin0018,
 author = {Mathias Jacquelin and Lin Lin and Chao Yang},
 doi = {10.1016/j.parco.2017.11.009},
 journal = {Parallel Comput.},
 pages = {84--98},
 title = {PSelInv - {A} distributed memory parallel algorithm for selected inversion: The non-symmetric case},
 volume = {74},
 year = {2018}
}

@article{DBLP:journals/pc/MonienPD00,
 author = {Burkhard Monien and Robert Preis and Ralf Diekmann},
 doi = {10.1016/S0167-8191(00)00049-1},
 journal = {Parallel Comput.},
 number = {12},
 pages = {1609--1634},
 title = {Quality matching and local improvement for multilevel graph-partitioning},
 volume = {26},
 year = {2000}
}

@article{DBLP:journals/pc/SariyuceSKC15,
 author = {Ahmet Erdem Sariy{\"{u}}ce and Erik Saule and Kamer Kaya and {\"{U}}mit V. {\c{C}}ataly{\"{u}}rek},
 doi = {10.1016/j.parco.2015.01.003},
 journal = {Parallel Comput.},
 pages = {3--18},
 title = {Incremental closeness centrality in distributed memory},
 volume = {47},
 year = {2015}
}

@article{DBLP:journals/pe/GkantsidisMS06,
 author = {Christos Gkantsidis and Milena Mihail and Amin Saberi},
 doi = {10.1016/j.peva.2005.01.002},
 journal = {Perform. Evaluation},
 number = {3},
 pages = {241--263},
 title = {Random walks in peer-to-peer networks: Algorithms and evaluation},
 volume = {63},
 year = {2006}
}

@article{DBLP:journals/ppl/LumsdaineGHB07,
 author = {Andrew Lumsdaine and Douglas P. Gregor and Bruce Hendrickson and Jonathan W. Berry},
 doi = {10.1142/S0129626407002843},
 journal = {Parallel Process. Lett.},
 number = {1},
 pages = {5--20},
 title = {Challenges in Parallel Graph Processing},
 volume = {17},
 year = {2007}
}

@article{DBLP:journals/siamcomp/AryaGKMMP04,
 author = {Vijay Arya and Naveen Garg and Rohit Khandekar and Adam Meyerson and Kamesh Munagala and Vinayaka Pandit},
 doi = {10.1137/S0097539702416402},
 journal = {{SIAM} J. Comput.},
 number = {3},
 pages = {544--562},
 title = {Local Search Heuristics for k-Median and Facility Location Problems},
 volume = {33},
 year = {2004}
}

@article{DBLP:journals/siamcomp/BaswanaGS18,
 author = {Surender Baswana and Manoj Gupta and Sandeep Sen},
 doi = {10.1137/16M1106158},
 journal = {{SIAM} J. Comput.},
 number = {3},
 pages = {617--650},
 title = {Fully Dynamic Maximal Matching in O(log n) Update Time (Corrected Version)},
 volume = {47},
 year = {2018}
}

@article{DBLP:journals/siamcomp/BhattacharyaHI18,
 author = {Sayan Bhattacharya and Monika Henzinger and Giuseppe F. Italiano},
 doi = {10.1137/140998925},
 journal = {{SIAM} J. Comput.},
 number = {3},
 pages = {859--887},
 title = {Deterministic Fully Dynamic Data Structures for Vertex Cover and Matching},
 volume = {47},
 year = {2018}
}

@article{DBLP:journals/siamcomp/FeigeMV11,
 author = {Uriel Feige and Vahab S. Mirrokni and Jan Vondr{\'{a}}k},
 doi = {10.1137/090779346},
 journal = {{SIAM} J. Comput.},
 number = {4},
 pages = {1133--1153},
 title = {Maximizing Non-monotone Submodular Functions},
 volume = {40},
 year = {2011}
}

@article{DBLP:journals/siamcomp/KoutisMP14,
 author = {Ioannis Koutis and Gary L. Miller and Richard Peng},
 doi = {10.1137/110845914},
 journal = {{SIAM} J. Comput.},
 number = {1},
 pages = {337--354},
 title = {Approaching Optimality for Solving {SDD} Linear Systems},
 volume = {43},
 year = {2014}
}

@article{DBLP:journals/siamcomp/SpielmanS11,
 author = {Daniel A. Spielman and Nikhil Srivastava},
 doi = {10.1137/080734029},
 journal = {{SIAM} J. Comput.},
 number = {6},
 pages = {1913--1926},
 title = {Graph Sparsification by Effective Resistances},
 volume = {40},
 year = {2011}
}

@article{DBLP:journals/siamdm/Aldous90,
 author = {David J. Aldous},
 doi = {10.1137/0403039},
 journal = {{SIAM} J. Discret. Math.},
 number = {4},
 pages = {450--465},
 title = {The Random Walk Construction of Uniform Spanning Trees and Uniform Labelled Trees},
 volume = {3},
 year = {1990}
}

@article{DBLP:journals/siamdm/EpsteinLMS11,
 author = {Leah Epstein and Asaf Levin and Juli{\'{a}}n Mestre and Danny Segev},
 doi = {10.1137/100801901},
 journal = {{SIAM} J. Discret. Math.},
 number = {3},
 pages = {1251--1265},
 title = {Improved Approximation Guarantees for Weighted Matching in the Semi-streaming Model},
 volume = {25},
 year = {2011}
}

@article{DBLP:journals/siamdm/LeeMNS10,
 author = {Jon Lee and Vahab S. Mirrokni and Viswanath Nagarajan and Maxim Sviridenko},
 doi = {10.1137/090750020},
 journal = {{SIAM} J. Discret. Math.},
 number = {4},
 pages = {2053--2078},
 title = {Maximizing Nonmonotone Submodular Functions under Matroid or Knapsack Constraints},
 volume = {23},
 year = {2010}
}

@article{DBLP:journals/siamrev/GhoshBS08,
 author = {Arpita Ghosh and Stephen P. Boyd and Amin Saberi},
 doi = {10.1137/050645452},
 journal = {{SIAM} Rev.},
 number = {1},
 pages = {37--66},
 title = {Minimizing Effective Resistance of a Graph},
 volume = {50},
 year = {2008}
}

@article{DBLP:journals/siamrev/Gleich15,
 author = {David F. Gleich},
 doi = {10.1137/140976649},
 journal = {{SIAM} Rev.},
 number = {3},
 pages = {321--363},
 title = {PageRank Beyond the Web},
 volume = {57},
 year = {2015}
}

@article{DBLP:journals/siamsc/AmestoyDLR15,
 author = {Patrick Amestoy and Iain S. Duff and Jean{-}Yves L'Excellent and Fran{\c{c}}ois{-}Henry Rouet},
 doi = {10.1137/120902616},
 journal = {{SIAM} J. Sci. Comput.},
 number = {2},
 title = {Parallel Computation of Entries of A\({}^{\mbox{-1}}\)},
 volume = {37},
 year = {2015}
}

@article{DBLP:journals/siamsc/KhanPPSSMHD16,
 author = {Arif M. Khan and Alex Pothen and Md. Mostofa Ali Patwary and Nadathur Rajagopalan Satish and Narayanan Sundaram and Fredrik Manne and Mahantesh Halappanavar and Pradeep Dubey},
 doi = {10.1137/15M1026304},
 journal = {{SIAM} J. Sci. Comput.},
 number = {5},
 title = {Efficient Approximation Algorithms for Weighted b-Matching},
 volume = {38},
 year = {2016}
}

@article{DBLP:journals/siamsc/LivneB12,
 author = {Oren E. Livne and Achi Brandt},
 doi = {10.1137/110843563},
 journal = {{SIAM} J. Sci. Comput.},
 number = {4},
 title = {Lean Algebraic Multigrid {(LAMG):} Fast Graph Laplacian Linear Solver},
 volume = {34},
 year = {2012}
}

@article{DBLP:journals/snam/BoldiRV13,
 author = {Paolo Boldi and Marco Rosa and Sebastiano Vigna},
 doi = {10.1007/s13278-013-0096-x},
 journal = {Soc. Netw. Anal. Min.},
 number = {4},
 pages = {829--842},
 title = {Robustness of social and web graphs to node removal},
 volume = {3},
 year = {2013}
}

@article{DBLP:journals/snam/Doostmohammadian20,
 author = {Mohammadreza Doostmohammadian and Hamid R. Rabiee and Usman A. Khan},
 doi = {10.1007/s13278-020-00638-7},
 journal = {Soc. Netw. Anal. Min.},
 number = {1},
 pages = {32},
 title = {Centrality-based epidemic control in complex social networks},
 volume = {10},
 year = {2020}
}

@article{DBLP:journals/snam/KhopkarNNB14,
 author = {Sushant S. Khopkar and Rakesh Nagi and Alexander G. Nikolaev and Vaibhav Bhembre},
 doi = {10.1007/s13278-014-0220-6},
 journal = {Soc. Netw. Anal. Min.},
 number = {1},
 pages = {220},
 title = {Efficient algorithms for incremental all pairs shortest paths, closeness and betweenness in social network analysis},
 volume = {4},
 year = {2014}
}

@article{DBLP:journals/socnet/Bernard05,
 author = {H. Russell Bernard},
 doi = {10.1016/j.socnet.2005.06.004},
 journal = {Soc. Networks},
 number = {4},
 pages = {377--384},
 title = {The Development of Social Network Analysis: {A} Study in the Sociology of Science, Linton C. Freeman. Empirical Press, Vancouver, {BC} {(2004)}},
 volume = {27},
 year = {2005}
}

@article{DBLP:journals/socnet/Borgatti05,
 author = {Stephen P. Borgatti},
 doi = {10.1016/j.socnet.2004.11.008},
 journal = {Soc. Networks},
 number = {1},
 pages = {55--71},
 title = {Centrality and network flow},
 volume = {27},
 year = {2005}
}

@article{DBLP:journals/socnet/BozzoF13,
 author = {Enrico Bozzo and Massimo Franceschet},
 doi = {10.1016/j.socnet.2013.05.003},
 journal = {Soc. Networks},
 number = {3},
 pages = {460--469},
 title = {Resistance distance, closeness, and betweenness},
 volume = {35},
 year = {2013}
}

@article{DBLP:journals/spe/FruchtermanR91,
 author = {Thomas M. J. Fruchterman and Edward M. Reingold},
 doi = {10.1002/spe.4380211102},
 journal = {Softw. Pract. Exp.},
 number = {11},
 pages = {1129--1164},
 title = {Graph Drawing by Force-directed Placement},
 volume = {21},
 year = {1991}
}

@article{DBLP:journals/talg/DuanPS18,
 author = {Ran Duan and Seth Pettie and Hsin{-}Hao Su},
 doi = {10.1145/3155301},
 journal = {{ACM} Trans. Algorithms},
 number = {1},
 pages = {8:1--8:35},
 title = {Scaling Algorithms for Weighted Matching in General Graphs},
 volume = {14},
 year = {2018}
}

@article{DBLP:journals/talg/NeimanS16,
 author = {Ofer Neiman and Shay Solomon},
 doi = {10.1145/2700206},
 journal = {{ACM} Trans. Algorithms},
 number = {1},
 pages = {7:1--7:15},
 title = {Simple Deterministic Algorithms for Fully Dynamic Maximal Matching},
 volume = {12},
 year = {2016}
}

@article{DBLP:journals/talg/PazS19,
 author = {Ami Paz and Gregory Schwartzman},
 doi = {10.1145/3274668},
 journal = {{ACM} Trans. Algorithms},
 number = {2},
 pages = {18:1--18:15},
 title = {A (2+{\(\epsilon\)})-Approximation for Maximum Weight Matching in the Semi-streaming Model},
 volume = {15},
 year = {2019}
}

@article{DBLP:journals/tamm/GaleS13,
 author = {D. Gale and L. S. Shapley},
 doi = {10.4169/amer.math.monthly.120.05.386},
 journal = {Am. Math. Mon.},
 number = {5},
 pages = {386--391},
 title = {College Admissions and the Stability of Marriage},
 volume = {120},
 year = {2013}
}

@article{DBLP:journals/tcs/FeigenbaumKMSZ05,
 author = {Joan Feigenbaum and Sampath Kannan and Andrew McGregor and Siddharth Suri and Jian Zhang},
 doi = {10.1016/j.tcs.2005.09.013},
 journal = {Theor. Comput. Sci.},
 number = {2-3},
 pages = {207--216},
 title = {On graph problems in a semi-streaming model},
 volume = {348},
 year = {2005}
}

@article{DBLP:journals/tcs/RamalingamR96,
 author = {G. Ramalingam and Thomas W. Reps},
 doi = {10.1016/0304-3975(95)00079-8},
 journal = {Theor. Comput. Sci.},
 number = {1{\&}2},
 pages = {233--277},
 title = {On the Computational Complexity of Dynamic Graph Problems},
 volume = {158},
 year = {1996}
}

@article{DBLP:journals/tcs/Sankowski09,
 author = {Piotr Sankowski},
 doi = {10.1016/j.tcs.2009.07.028},
 journal = {Theor. Comput. Sci.},
 number = {44},
 pages = {4480--4488},
 title = {Maximum weight bipartite matching in matrix multiplication time},
 volume = {410},
 year = {2009}
}

@article{DBLP:journals/tkdd/BergaminiBCMM19,
 author = {Elisabetta Bergamini and Michele Borassi and Pierluigi Crescenzi and Andrea Marino and Henning Meyerhenke},
 doi = {10.1145/3344719},
 journal = {{ACM} Trans. Knowl. Discov. Data},
 number = {5},
 pages = {53:1--53:40},
 title = {Computing top-\emph{k} Closeness Centrality Faster in Unweighted Graphs},
 volume = {13},
 year = {2019}
}

@article{DBLP:journals/tkdd/RiondatoU18,
 author = {Matteo Riondato and Eli Upfal},
 doi = {10.1145/3208351},
 journal = {{ACM} Trans. Knowl. Discov. Data},
 number = {5},
 pages = {61:1--61:38},
 title = {{ABRA:} Approximating Betweenness Centrality in Static and Dynamic Graphs with Rademacher Averages},
 volume = {12},
 year = {2018}
}

@article{DBLP:journals/tnn/ChapelleSZ09,
 author = {Philippe Thomas},
 doi = {10.1109/TNN.2009.2015974},
 journal = {{IEEE} Trans. Neural Networks},
 number = {3},
 pages = {542},
 title = {Semi-Supervised Learning by Olivier Chapelle, Bernhard Sch{\"{o}}lkopf, and Alexander Zien (Review)},
 volume = {20},
 year = {2009}
}

@article{DBLP:journals/toc/KempeKT15,
 author = {David Kempe and Jon M. Kleinberg and {\'{E}}va Tardos},
 doi = {10.4086/toc.2015.v011a004},
 journal = {Theory Comput.},
 pages = {105--147},
 title = {Maximizing the Spread of Influence through a Social Network},
 volume = {11},
 year = {2015}
}

@article{DBLP:journals/toms/LinYMLYE11,
 author = {Lin Lin and Chao Yang and Juan C. Meza and Jianfeng Lu and Lexing Ying and Weinan E},
 doi = {10.1145/1916461.1916464},
 journal = {{ACM} Trans. Math. Softw.},
 number = {4},
 pages = {40:1--40:19},
 title = {SelInv - An Algorithm for Selected Inversion of a Sparse Symmetric Matrix},
 volume = {37},
 year = {2011}
}

@article{DBLP:journals/tpds/Michael04,
 author = {Maged M. Michael},
 doi = {10.1109/TPDS.2004.8},
 journal = {{IEEE} Trans. Parallel Distributed Syst.},
 number = {6},
 pages = {491--504},
 title = {Hazard Pointers: Safe Memory Reclamation for Lock-Free Objects},
 volume = {15},
 year = {2004}
}

@book{demetrescu2009shortest,
 author = {Demetrescu, Camil and Goldberg, Andrew V and Johnson, David S},
 publisher = {American Mathematical Soc.},
 title = {The Shortest Path Problem: Ninth DIMACS Implementation Challenge},
 year = {2009}
}

@article{dobson2003distinguishing,
 author = {Dobson, Paul D and Doig, Andrew J},
 journal = {Journal of molecular biology},
 number = {4},
 pages = {771--783},
 title = {Distinguishing enzyme structures from non-enzymes without alignments},
 volume = {330},
 year = {2003}
}

@article{ediger2013computational,
 author = {Ediger, David and Riedy, Jason and Bader, David A and Meyerhenke, Henning},
 journal = {Large Scale Network-Centric Distributed Systems},
 pages = {619--648},
 title = {Computational graph analytics for massive streaming data},
 year = {2013}
}

@article{edmonds1965paths,
 author = {Edmonds, Jack},
 journal = {Canadian Journal of mathematics},
 pages = {449--467},
 title = {Paths, trees, and flowers},
 volume = {17},
 year = {1965}
}

@misc{eigenweb,
 author = {Ga{\"{e}}l Guennebaud and Beno{\^{i}}t Jacob and others},
 title = {Eigen v3},
 year = {2010}
}

@article{ellens2011effective,
 author = {Ellens, Wendy and Spieksma, FM and Van Mieghem, P and Jamakovic, A and Kooij, RE},
 journal = {Linear algebra and its applications},
 number = {10},
 pages = {2491--2506},
 title = {Effective graph resistance},
 volume = {435},
 year = {2011}
}

@article{everett1999centrality,
 author = {Everett, Martin G and Borgatti, Stephen P},
 journal = {The Journal of mathematical sociology},
 number = {3},
 pages = {181--201},
 title = {The centrality of groups and classes},
 volume = {23},
 year = {1999}
}

@article{freeman1977set,
 author = {Freeman, Linton C},
 journal = {Sociometry},
 pages = {35--41},
 title = {A set of measures of centrality based on betweenness},
 year = {1977}
}

@article{freeman1978centrality,
 author = {Freeman, Linton C},
 journal = {Social networks},
 number = {3},
 pages = {215--239},
 title = {Centrality in social networks conceptual clarification},
 volume = {1},
 year = {1978}
}

@article{frobenius1912matrizen,
 author = {Frobenius, Georg and Frobenius, Ferdinand Georg and Frobenius, Ferdinand Georg and Frobenius, Ferdinand Georg and Mathematician, Germany},
 title = {{\"U}ber Matrizen aus nicht negativen Elementen},
 year = {1912}
}

@article{galil1986efficient,
 author = {Galil, Zvi},
 journal = {ACM Computing Surveys (CSUR)},
 number = {1},
 pages = {23--38},
 title = {Efficient algorithms for finding maximum matching in graphs},
 volume = {18},
 year = {1986}
}

@inproceedings{galland2019invariant,
 author = {Galland, Alexis and Lelarge, Marc},
 booktitle = {ICML 2019 Workshop on Learning and Reasoning with Graph-Structured Data},
 title = {Invariant embedding for graph classification},
 year = {2019}
}

@article{gamrath2020scip,
 author = {Gamrath, Gerald and Anderson, Daniel and Bestuzheva, Ksenia and Chen, Wei-Kun and Eifler, Leon and Gasse, Maxime and Gemander, Patrick and Gleixner, Ambros and Gottwald, Leona and Halbig, Katrin and others},
 title = {The scip optimization suite 7.0},
 year = {2020}
}

@phdthesis{GrembanPHD,
 author = {Keith D. Gremban},
 title = {Combinatorial Preconditioners for Sparse, Symmetric, Diagonally Dominant Linear Systems},
 year = {1996}
}

@article{guimera2005worldwide,
 author = {Guimera, Roger and Mossa, Stefano and Turtschi, Adrian and Amaral, LA Nunes},
 journal = {Proceedings of the National Academy of Sciences},
 number = {22},
 pages = {7794--7799},
 title = {The worldwide air transportation network: Anomalous centrality, community structure, and cities' global roles},
 volume = {102},
 year = {2005}
}

@article{holme2006dynamics,
 author = {Holme, Petter and Ghoshal, Gourab},
 journal = {Physical review letters},
 number = {9},
 pages = {098701},
 title = {Dynamics of networking agents competing for high centrality and low degree},
 volume = {96},
 year = {2006}
}

@article{hutchinson1989stochastic,
 author = {Hutchinson, Michael F},
 journal = {Communications in Statistics-Simulation and Computation},
 number = {3},
 pages = {1059--1076},
 title = {A stochastic estimator of the trace of the influence matrix for Laplacian smoothing splines},
 volume = {18},
 year = {1989}
}

@book{ISO2012III,
 address = {Geneva, Switzerland},
 author = {ISO},
 publisher = {International Organization for Standardization},
 title = {ISO/IEC 14882:2011 Information technology --- Programming languages --- C++},
 year = {2012}
}

@inproceedings{iwama2007stable,
 author = {Iwama, Kazuo and Miyazaki, Shuichi and Okamoto, Kazuya},
 booktitle = {Proc. 10th KOREA-JAPAN joint workshop on algorithms and computation (WAAC 2007)},
 pages = {105--112},
 title = {Stable roommates problem with triple rooms},
 year = {2007}
}

@article{izmailian2013two,
 author = {Izmailian, N Sh and Kenna, Ralph and Wu, FY},
 journal = {Journal of Physics A: Mathematical and Theoretical},
 number = {3},
 pages = {035003},
 title = {The two-point resistance of a resistor network: a new formulation and application to the cobweb network},
 volume = {47},
 year = {2013}
}

@article{jeong2001lethality,
 author = {Jeong, Hawoong and Mason, Sean P and Barab{\'a}si, A-L and Oltvai, Zoltan N},
 journal = {Nature},
 number = {6833},
 pages = {41--42},
 title = {Lethality and centrality in protein networks},
 volume = {411},
 year = {2001}
}

@article{johnson1984extensions,
 author = {Johnson, William B and Lindenstrauss, Joram},
 journal = {Contemporary mathematics},
 title = {Extensions of Lipschitz mappings into a Hilbert space 26},
 volume = {26},
 year = {1984}
}

@article{katz1953new,
 author = {Katz, Leo},
 journal = {Psychometrika},
 number = {1},
 pages = {39--43},
 title = {A new status index derived from sociometric analysis},
 volume = {18},
 year = {1953}
}

@article{kazius2005derivation,
 author = {Kazius, Jeroen and McGuire, Ross and Bursi, Roberta},
 journal = {Journal of medicinal chemistry},
 number = {1},
 pages = {312--320},
 title = {Derivation and validation of toxicophores for mutagenicity prediction},
 volume = {48},
 year = {2005}
}

@article{klein1993resistance,
 author = {Klein, Douglas J and Randi{\'c}, Milan},
 journal = {Journal of mathematical chemistry},
 number = {1},
 pages = {81--95},
 title = {Resistance distance},
 volume = {12},
 year = {1993}
}

@article{kujansuu1999stable,
 author = {Kujansuu, Eija and Lindberg, Tuukka and M{\"a}kinen, Erkki},
 journal = {Divulgaciones Matem{\'a}ticas},
 number = {1},
 pages = {19--28},
 title = {The stable roommates problem and chess tournament pairings},
 volume = {7},
 year = {1999}
}

@inproceedings{kunegis2013konect,
 author = {Kunegis, J{\'e}r{\^o}me},
 booktitle = {Proceedings of the 22nd international conference on world wide web},
 pages = {1343--1350},
 title = {Konect: the koblenz network collection},
 year = {2013}
}

@article{lambiotte2008geographical,
 author = {Lambiotte, Renaud and Blondel, Vincent D and De Kerchove, Cristobald and Huens, Etienne and Prieur, Christophe and Smoreda, Zbigniew and Van Dooren, Paul},
 journal = {Physica A: Statistical Mechanics and its Applications},
 number = {21},
 pages = {5317--5325},
 title = {Geographical dispersal of mobile communication networks},
 volume = {387},
 year = {2008}
}

@book{lawler2001combinatorial,
 author = {Lawler, Eugene L},
 publisher = {Courier Corporation},
 title = {Combinatorial optimization: networks and matroids},
 year = {2001}
}

@inproceedings{lim2011online,
 author = {Lim, Yeon-sup and Menasch{\'e}, Daniel S and Ribeiro, Bruno and Towsley, Don and Basu, Prithwish},
 booktitle = {2011 IEEE Network Science Workshop},
 pages = {118--122},
 title = {Online estimating the k central nodes of a network},
 year = {2011}
}

@book{lin1976foundations,
 author = {Lin, Nan},
 publisher = {New York: McGraw-Hill},
 title = {Foundations of social research},
 year = {1976}
}

@article{lovasz1993random,
 author = {Lov{\'a}sz, L{\'a}szl{\'o}},
 journal = {Combinatorics, Paul erdos is eighty},
 number = {1-46},
 pages = {4},
 title = {Random walks on graphs},
 volume = {2},
 year = {1993}
}

@book{lovasz2009matching,
 author = {Lov{\'a}sz, L{\'a}szl{\'o} and Plummer, Michael D},
 publisher = {American Mathematical Soc.},
 title = {Matching theory},
 year = {2009}
}

@article{mackenzie1966structural,
 author = {Mackenzie, Kenneth D},
 journal = {Psychometrika},
 number = {1},
 pages = {17--25},
 title = {Structural centrality in communications networks},
 volume = {31},
 year = {1966}
}

@article{marchiori2000harmony,
 author = {Marchiori, Massimo and Latora, Vito},
 journal = {Physica A: Statistical Mechanics and its Applications},
 number = {3-4},
 pages = {539--546},
 title = {Harmony in the small-world},
 volume = {285},
 year = {2000}
}

@article{matta2019comparing,
 author = {Matta, John and Ercal, Gunes and Sinha, Koushik},
 journal = {Computational Social Networks},
 number = {1},
 pages = {1--30},
 title = {Comparing the speed and accuracy of approaches to betweenness centrality approximation},
 volume = {6},
 year = {2019}
}

@inproceedings{mckenney1998read,
 author = {McKenney, Paul E and Slingwine, John D},
 booktitle = {Parallel and Distributed Computing and Systems},
 title = {Read-copy update: Using execution history to solve concurrency problems},
 year = {1998}
}

@article{merris1997doubly,
 author = {Merris, Russell},
 journal = {Publikacije Elektrotehni{\v{c}}kog fakulteta. Serija Matematika},
 number = {8},
 pages = {64--71},
 title = {Doubly stochastic graph matrices},
 year = {1997}
}

@article{merris1998doubly,
 author = {Merris, Russell},
 journal = {Linear and Multilinear Algebra},
 number = {2-3},
 pages = {275--285},
 title = {Doubly stochastic graph matrices, II},
 volume = {45},
 year = {1998}
}

@incollection{minoux1978accelerated,
 author = {Minoux, Michel},
 booktitle = {Optimization techniques},
 pages = {234--243},
 publisher = {Springer},
 title = {Accelerated greedy algorithms for maximizing submodular set functions},
 year = {1978}
}

@article{moreno1934shall,
 author = {Moreno, Jacob Levy},
 title = {Who shall survive?: A new approach to the problem of human interrelations.},
 year = {1934}
}

@article{murphy2010introducing,
 author = {Murphy, Richard C and Wheeler, Kyle B and Barrett, Brian W and Ang, James A},
 journal = {Cray Users Group (CUG)},
 pages = {45--74},
 title = {Introducing the graph 500},
 volume = {19},
 year = {2010}
}

@book{newman2018networks,
 author = {Newman, Mark},
 publisher = {Oxford university press},
 title = {Networks},
 year = {2018}
}

@article{o2014pcg,
 author = {OâNeill, Melissa E},
 journal = {ACM Transactions on Mathematical Software},
 title = {PCG: A family of simple fast space-efficient statistically good algorithms for random number generation},
 year = {2014}
}

@inproceedings{oktay2011distance,
 author = {Oktay, H{\"u}seyin and Balkir, A Soner and Foster, Ian and Jensen, David D},
 booktitle = {Workshop on Information Networks},
 title = {Distance estimation for very large networks using mapreduce and network structure indices},
 year = {2011}
}

@misc{OpenStreetMap,
 author = {OpenStreetMap contributors},
 title = {Planet dump retrieved from https://planet.osm.org},
 year = {2017}
}

@techreport{page1999pagerank,
 author = {Page, Lawrence and Brin, Sergey and Motwani, Rajeev and Winograd, Terry},
 institution = {Stanford InfoLab},
 title = {The PageRank citation ranking: Bringing order to the web.},
 year = {1999}
}

@article{pastor2002immunization,
 author = {Pastor-Satorras, Romualdo and Vespignani, Alessandro},
 journal = {Physical review E},
 number = {3},
 pages = {036104},
 title = {Immunization of complex networks},
 volume = {65},
 year = {2002}
}

@article{perron1907theorie,
 author = {Perron, Oskar},
 journal = {Mathematische Annalen},
 number = {2},
 pages = {248--263},
 title = {Zur theorie der matrices},
 volume = {64},
 year = {1907}
}

@article{pitts1965graph,
 author = {Pitts, Forrest R},
 journal = {The professional geographer},
 number = {5},
 pages = {15--20},
 title = {A graph theoretic approach to historical geography},
 volume = {17},
 year = {1965}
}

@book{pugh2002real,
 author = {Pugh, Charles Chapman and Pugh, CC},
 publisher = {Springer},
 title = {Real mathematical analysis},
 year = {2002}
}

@article{puzis2007fast,
 author = {Puzis, R and Elovici, Y and Dolev, S},
 journal = {Physical Review E},
 pages = {056709},
 title = {Fast algorithm for successive group betweenness centrality computation},
 volume = {76},
 year = {2007}
}

@techreport{rochat2009closeness,
 author = {Rochat, Yannick},
 title = {Closeness centrality extended to unconnected graphs: The harmonic centrality index},
 year = {2009}
}

@article{sen2008collective,
 author = {Sen, Prithviraj and Namata, Galileo and Bilgic, Mustafa and Getoor, Lise and Galligher, Brian and Eliassi-Rad, Tina},
 journal = {AI magazine},
 number = {3},
 pages = {93--93},
 title = {Collective classification in network data},
 volume = {29},
 year = {2008}
}

@article{shaw1954group,
 author = {Shaw, Marvin E},
 journal = {The Journal of psychology},
 number = {1},
 pages = {139--149},
 title = {Group structure and the behavior of individuals in small groups},
 volume = {38},
 year = {1954}
}

@article{sherman1950adjustment,
 author = {Sherman, Jack and Morrison, Winifred J},
 journal = {The Annals of Mathematical Statistics},
 number = {1},
 pages = {124--127},
 title = {Adjustment of an inverse matrix corresponding to a change in one element of a given matrix},
 volume = {21},
 year = {1950}
}

@book{singh2022,
 author = {Singh, Rishi Ranjan},
 doi = {10.1007/978-981-16-3398-0_1},
 editor = {Biswas, Anupam and Patgiri, Ripon and Biswas, Bhaskar},
 publisher = {Springer Singapore},
 title = {Centrality Measures: A Tool to Identify Key Actors in Social Networks},
 year = {2022}
}

@misc{snapnets,
 author = {Jure Leskovec and Andrej Krevl},
 title = {{SNAP Datasets}: {Stanford} Large Network Dataset Collection},
 year = {2014}
}

@article{song2005self,
 author = {Song, Chaoming and Havlin, Shlomo and Makse, Hernan A},
 journal = {Nature},
 number = {7024},
 pages = {392--395},
 title = {Self-similarity of complex networks},
 volume = {433},
 year = {2005}
}

@article{stephenson1989rethinking,
 author = {Stephenson, Karen and Zelen, Marvin},
 journal = {Social networks},
 number = {1},
 pages = {1--37},
 title = {Rethinking centrality: Methods and examples},
 volume = {11},
 year = {1989}
}

@inproceedings{tang2012inferring,
 author = {Tang, Jie and Lou, Tiancheng and Kleinberg, Jon},
 booktitle = {Proceedings of the fifth ACM international conference on Web search and data mining},
 pages = {743--752},
 title = {Inferring social ties across heterogenous networks},
 year = {2012}
}

@book{trahair1994aristotelian,
 author = {Trahair, Richard CS},
 publisher = {Greenwood Publishing Group},
 title = {From Aristotelian to Reaganomics: A dictionary of eponyms with biographies in the social sciences},
 year = {1994}
}

@article{valente2008correlated,
 author = {Valente, Thomas W and Coronges, Kathryn and Lakon, Cynthia and Costenbader, Elizabeth},
 journal = {Connections (Toronto, Ont.)},
 number = {1},
 pages = {16},
 title = {How correlated are network centrality measures?},
 volume = {28},
 year = {2008}
}

@article{van2017pseudoinverse,
 author = {Van Mieghem, Piet and Devriendt, Karel and Cetinay, H},
 journal = {Physical Review E},
 number = {3},
 pages = {032311},
 title = {Pseudoinverse of the Laplacian and best spreader node in a network},
 volume = {96},
 year = {2017}
}

@inproceedings{wang2004bipartite,
 author = {Wang, Yuhang and Makedon, Fillia and Ford, James and Huang, Heng},
 booktitle = {The 26th Annual International Conference of the IEEE Engineering in Medicine and Biology Society},
 pages = {2972--2975},
 title = {A bipartite graph matching framework for finding correspondences between structural elements in two proteins},
 year = {2004}
}

@article{yan2006efficient,
 author = {Yan, Gang and Zhou, Tao and Hu, Bo and Fu, Zhong-Qian and Wang, Bing-Hong},
 journal = {Physical Review E},
 number = {4},
 pages = {046108},
 title = {Efficient routing on complex networks},
 volume = {73},
 year = {2006}
}

@article{zachary1977information,
 author = {Zachary, Wayne W},
 journal = {Journal of anthropological research},
 number = {4},
 pages = {452--473},
 title = {An information flow model for conflict and fission in small groups},
 year = {1977}
}

