@inproceedings{conf/acda/AngrimanMSU21,
 author = {Eugenio Angriman and Henning Meyerhenke and Christian Schulz and Bora UÃ§ar},
 booktitle = {Proceedings of the 2021 SIAM Conference on Applied and Computational Discrete Algorithms (ACDA21)},
 doi = {10.1137/1.9781611976830.4},
 pages = {32--44},
 title = {Fully-dynamic Weighted Matching Approximation in Practice},
 year = {2021}
}

@inproceedings{DBLP:conf/adc/ChenWW16,
 author = {Chen Chen and Wei Wang and Xiaoyang Wang},
 booktitle = {{ADC}},
 pages = {43--55},
 publisher = {Springer},
 title = {Efficient Maximum Closeness Centrality Group Identification},
 year = {2016}
}

@inproceedings{DBLP:conf/alenex/AngrimanBDGGM21,
 author = {Eugenio Angriman and Ruben Becker and Gianlorenzo D'Angelo and Hugo Gilbert and Alexander van der Grinten and Henning Meyerhenke},
 booktitle = {{ALENEX}},
 pages = {154--168},
 publisher = {{SIAM}},
 title = {Group-Harmonic and Group-Closeness Maximization - Approximation and Engineering},
 year = {2021}
}

@inproceedings{DBLP:conf/alenex/AngrimanGBZGM20,
 author = {Eugenio Angriman and Alexander van der Grinten and Aleksandar Bojchevski and Daniel Z{\"{u}}gner and Stephan G{\"{u}}nnemann and Henning Meyerhenke},
 booktitle = {{ALENEX}},
 pages = {56--69},
 publisher = {{SIAM}},
 title = {Group Centrality Maximization for Large-scale Graphs},
 year = {2020}
}

@inproceedings{DBLP:conf/alenex/BergaminiGM18,
 author = {Elisabetta Bergamini and Tanya Gonser and Henning Meyerhenke},
 booktitle = {{ALENEX}},
 pages = {209--222},
 publisher = {{SIAM}},
 title = {Scaling up Group Closeness Maximization},
 year = {2018}
}

@inproceedings{DBLP:conf/alenex/BiseniusBAM18,
 author = {Patrick Bisenius and Elisabetta Bergamini and Eugenio Angriman and Henning Meyerhenke},
 booktitle = {{ALENEX}},
 pages = {21--35},
 publisher = {{SIAM}},
 title = {Computing Top-\emph{k} Closeness Centrality in Fully-dynamic Graphs},
 year = {2018}
}

@inproceedings{DBLP:conf/bigdataconf/AngrimanGM19,
 author = {Eugenio Angriman and Alexander van der Grinten and Henning Meyerhenke},
 booktitle = {{IEEE} BigData},
 pages = {711--720},
 publisher = {{IEEE}},
 title = {Local Search for Group Closeness Maximization on Big Graphs},
 year = {2019}
}

@inproceedings{DBLP:conf/esa/AngrimanPGM20,
 author = {Eugenio Angriman and Maria Predari and Alexander van der Grinten and Henning Meyerhenke},
 booktitle = {{ESA}},
 pages = {6:1--6:24},
 publisher = {Schloss Dagstuhl - Leibniz-Zentrum f{\"{u}}r Informatik},
 title = {Approximation of the Diagonal of a Laplacian's Pseudoinverse for Complex Network Analysis},
 year = {2020}
}

@inproceedings{DBLP:conf/esa/BorassiN16,
 author = {Michele Borassi and Emanuele Natale},
 booktitle = {{ESA}},
 pages = {20:1--20:18},
 publisher = {Schloss Dagstuhl - Leibniz-Zentrum f{\"{u}}r Informatik},
 title = {{KADABRA} is an ADaptive Algorithm for Betweenness via Random Approximation},
 year = {2016}
}

@inproceedings{DBLP:conf/esa/GrintenBGBM18,
 author = {Alexander van der Grinten and Elisabetta Bergamini and Oded Green and David A. Bader and Henning Meyerhenke},
 booktitle = {{ESA}},
 pages = {42:1--42:14},
 publisher = {Schloss Dagstuhl - Leibniz-Zentrum f{\"{u}}r Informatik},
 title = {Scalable Katz Ranking Computation in Large Static and Dynamic Graphs},
 year = {2018}
}

@inproceedings{DBLP:conf/europar/GrintenAM19,
 author = {Alexander van der Grinten and Eugenio Angriman and Henning Meyerhenke},
 booktitle = {Euro-Par},
 pages = {434--447},
 publisher = {Springer},
 title = {Parallel Adaptive Sampling with Almost No Synchronization},
 year = {2019}
}

@inproceedings{DBLP:conf/ipps/ManneH14,
 author = {Fredrik Manne and Mahantesh Halappanavar},
 booktitle = {{IPDPS}},
 pages = {519--528},
 publisher = {{IEEE} Computer Society},
 title = {New Effective Multithreaded Matching Algorithms},
 year = {2014}
}

@inproceedings{DBLP:conf/sdm/GrintenAPM21,
 author = {Alexander van der Grinten and Eugenio Angriman and Maria Predari and Henning Meyerhenke},
 booktitle = {{SDM}},
 pages = {136--144},
 publisher = {{SIAM}},
 title = {New Approximation Algorithms for Forest Closeness Centrality - for Individual Vertices and Vertex Groups},
 year = {2021}
}

@article{DBLP:journals/csur/Galil86,
 author = {Zvi Galil},
 journal = {{ACM} Comput. Surv.},
 number = {1},
 pages = {23--38},
 title = {Efficient Algorithms for Finding Maximum Matching in Graphs},
 volume = {18},
 year = {1986}
}

@article{DBLP:journals/jcss/Cohen97,
 author = {Edith Cohen},
 journal = {J. Comput. Syst. Sci.},
 number = {3},
 pages = {441--453},
 title = {Size-Estimation Framework with Applications to Transitive Closure and Reachability},
 volume = {55},
 year = {1997}
}

@article{DBLP:journals/siamcomp/AryaGKMMP04,
 author = {Vijay Arya and Naveen Garg and Rohit Khandekar and Adam Meyerson and Kamesh Munagala and Vinayaka Pandit},
 journal = {{SIAM} J. Comput.},
 number = {3},
 pages = {544--562},
 title = {Local Search Heuristics for k-Median and Facility Location Problems},
 volume = {33},
 year = {2004}
}

@article{DBLP:journals/socnet/BozzoF13,
 author = {Enrico Bozzo and Massimo Franceschet},
 journal = {Soc. Networks},
 number = {3},
 pages = {460--469},
 title = {Resistance distance, closeness, and betweenness},
 volume = {35},
 year = {2013}
}

@article{DBLP:journals/tkdd/BergaminiBCMM19,
 author = {Elisabetta Bergamini and Michele Borassi and Pierluigi Crescenzi and Andrea Marino and Henning Meyerhenke},
 journal = {{ACM} Trans. Knowl. Discov. Data},
 number = {5},
 pages = {53:1--53:40},
 title = {Computing top-\emph{k} Closeness Centrality Faster in Unweighted Graphs},
 volume = {13},
 year = {2019}
}

@article{DBLP:journals/tmc/DAngeloDNP16,
 author = {Gianlorenzo D'Angelo and Daniele Diodati and Alfredo Navarra and Cristina M. Pinotti},
 journal = {{IEEE} Trans. Mob. Comput.},
 number = {7},
 pages = {1797--1811},
 title = {The Minimum k-Storage Problem: Complexity, Approximation, and Experimental Analysis},
 volume = {15},
 year = {2016}
}

