DBLP:conf/adc/ChenWW16:
  ENTRYTYPE: inproceedings
  ID: DBLP:conf/adc/ChenWW16
  author: 'Chen Chen and

    Wei Wang and

    Xiaoyang Wang'
  bibsource: dblp computer science bibliography, https://dblp.org
  biburl: https://dblp.org/rec/conf/adc/ChenWW16.bib
  booktitle: 'Databases Theory and Applications - 27th Australasian Database Conference,

    {ADC} 2016, Sydney, NSW, Australia, September 28-29, 2016, Proceedings'
  condensed:
    DBLP:conf/adc/ChenWW16:
      ENTRYTYPE: inproceedings
      ID: DBLP:conf/adc/ChenWW16
      author: 'Chen Chen and

        Wei Wang and

        Xiaoyang Wang'
      booktitle: '{ADC}'
      pages: 43--55
      publisher: Springer
      series: Lecture Notes in Computer Science
      title: Efficient Maximum Closeness Centrality Group Identification
      volume: '9877'
      year: '2016'
  doi: 10.1007/978-3-319-46922-5\_4
  editor: 'Muhammad Aamir Cheema and

    Wenjie Zhang and

    Lijun Chang'
  pages: 43--55
  publisher: Springer
  series: Lecture Notes in Computer Science
  timestamp: Mon, 12 Aug 2019 08:00:32 +0200
  title: Efficient Maximum Closeness Centrality Group Identification
  url: https://doi.org/10.1007/978-3-319-46922-5\_4
  volume: '9877'
  year: '2016'
DBLP:conf/alenex/AngrimanBDGGM21:
  ENTRYTYPE: inproceedings
  ID: DBLP:conf/alenex/AngrimanBDGGM21
  author: 'Eugenio Angriman and

    Ruben Becker and

    Gianlorenzo D''Angelo and

    Hugo Gilbert and

    Alexander van der Grinten and

    Henning Meyerhenke'
  bibsource: dblp computer science bibliography, https://dblp.org
  biburl: https://dblp.org/rec/conf/alenex/AngrimanBDGGM21.bib
  booktitle: 'Proceedings of the Symposium on Algorithm Engineering and Experiments,

    {ALENEX} 2021, Virtual Conference, January 10-11, 2021'
  condensed:
    DBLP:conf/alenex/AngrimanBDGGM21:
      ENTRYTYPE: inproceedings
      ID: DBLP:conf/alenex/AngrimanBDGGM21
      author: 'Eugenio Angriman and

        Ruben Becker and

        Gianlorenzo D''Angelo and

        Hugo Gilbert and

        Alexander van der Grinten and

        Henning Meyerhenke'
      booktitle: '{ALENEX}'
      pages: 154--168
      publisher: '{SIAM}'
      title: 'Group-Harmonic and Group-Closeness Maximization - Approximation and

        Engineering'
      year: '2021'
  doi: 10.1137/1.9781611976472.12
  editor: 'Martin Farach{-}Colton and

    Sabine Storandt'
  pages: 154--168
  publisher: '{SIAM}'
  timestamp: Wed, 17 Mar 2021 12:44:05 +0100
  title: 'Group-Harmonic and Group-Closeness Maximization - Approximation and

    Engineering'
  url: https://doi.org/10.1137/1.9781611976472.12
  year: '2021'
DBLP:conf/alenex/AngrimanGBZGM20:
  ENTRYTYPE: inproceedings
  ID: DBLP:conf/alenex/AngrimanGBZGM20
  author: 'Eugenio Angriman and

    Alexander van der Grinten and

    Aleksandar Bojchevski and

    Daniel Z{\"{u}}gner and

    Stephan G{\"{u}}nnemann and

    Henning Meyerhenke'
  bibsource: dblp computer science bibliography, https://dblp.org
  biburl: https://dblp.org/rec/conf/alenex/AngrimanGBZGM20.bib
  booktitle: 'Proceedings of the Symposium on Algorithm Engineering and Experiments,

    {ALENEX} 2020, Salt Lake City, UT, USA, January 5-6, 2020'
  condensed:
    DBLP:conf/alenex/AngrimanGBZGM20:
      ENTRYTYPE: inproceedings
      ID: DBLP:conf/alenex/AngrimanGBZGM20
      author: 'Eugenio Angriman and

        Alexander van der Grinten and

        Aleksandar Bojchevski and

        Daniel Z{\"{u}}gner and

        Stephan G{\"{u}}nnemann and

        Henning Meyerhenke'
      booktitle: '{ALENEX}'
      pages: 56--69
      publisher: '{SIAM}'
      title: Group Centrality Maximization for Large-scale Graphs
      year: '2020'
  doi: 10.1137/1.9781611976007.5
  editor: 'Guy E. Blelloch and

    Irene Finocchi'
  pages: 56--69
  publisher: '{SIAM}'
  timestamp: Fri, 31 Jan 2020 14:09:22 +0100
  title: Group Centrality Maximization for Large-scale Graphs
  url: https://doi.org/10.1137/1.9781611976007.5
  year: '2020'
DBLP:conf/alenex/BergaminiGM18:
  ENTRYTYPE: inproceedings
  ID: DBLP:conf/alenex/BergaminiGM18
  author: 'Elisabetta Bergamini and

    Tanya Gonser and

    Henning Meyerhenke'
  bibsource: dblp computer science bibliography, https://dblp.org
  biburl: https://dblp.org/rec/conf/alenex/BergaminiGM18.bib
  booktitle: 'Proceedings of the Twentieth Workshop on Algorithm Engineering and

    Experiments, {ALENEX} 2018, New Orleans, LA, USA, January 7-8, 2018'
  condensed:
    DBLP:conf/alenex/BergaminiGM18:
      ENTRYTYPE: inproceedings
      ID: DBLP:conf/alenex/BergaminiGM18
      author: 'Elisabetta Bergamini and

        Tanya Gonser and

        Henning Meyerhenke'
      booktitle: '{ALENEX}'
      pages: 209--222
      publisher: '{SIAM}'
      title: Scaling up Group Closeness Maximization
      year: '2018'
  doi: 10.1137/1.9781611975055.18
  editor: 'Rasmus Pagh and

    Suresh Venkatasubramanian'
  pages: 209--222
  publisher: '{SIAM}'
  timestamp: Mon, 16 Sep 2019 15:23:25 +0200
  title: Scaling up Group Closeness Maximization
  url: https://doi.org/10.1137/1.9781611975055.18
  year: '2018'
DBLP:conf/alenex/BiseniusBAM18:
  ENTRYTYPE: inproceedings
  ID: DBLP:conf/alenex/BiseniusBAM18
  author: 'Patrick Bisenius and

    Elisabetta Bergamini and

    Eugenio Angriman and

    Henning Meyerhenke'
  bibsource: dblp computer science bibliography, https://dblp.org
  biburl: https://dblp.org/rec/conf/alenex/BiseniusBAM18.bib
  booktitle: 'Proceedings of the Twentieth Workshop on Algorithm Engineering and

    Experiments, {ALENEX} 2018, New Orleans, LA, USA, January 7-8, 2018'
  condensed:
    DBLP:conf/alenex/BiseniusBAM18:
      ENTRYTYPE: inproceedings
      ID: DBLP:conf/alenex/BiseniusBAM18
      author: 'Patrick Bisenius and

        Elisabetta Bergamini and

        Eugenio Angriman and

        Henning Meyerhenke'
      booktitle: '{ALENEX}'
      pages: 21--35
      publisher: '{SIAM}'
      title: Computing Top-\emph{k} Closeness Centrality in Fully-dynamic Graphs
      year: '2018'
  doi: 10.1137/1.9781611975055.3
  editor: 'Rasmus Pagh and

    Suresh Venkatasubramanian'
  pages: 21--35
  publisher: '{SIAM}'
  timestamp: Mon, 16 Sep 2019 15:23:25 +0200
  title: Computing Top-\emph{k} Closeness Centrality in Fully-dynamic Graphs
  url: https://doi.org/10.1137/1.9781611975055.3
  year: '2018'
DBLP:conf/bigdataconf/AngrimanGM19:
  ENTRYTYPE: inproceedings
  ID: DBLP:conf/bigdataconf/AngrimanGM19
  author: 'Eugenio Angriman and

    Alexander van der Grinten and

    Henning Meyerhenke'
  bibsource: dblp computer science bibliography, https://dblp.org
  biburl: https://dblp.org/rec/conf/bigdataconf/AngrimanGM19.bib
  booktitle: '2019 {IEEE} International Conference on Big Data (Big Data), Los Angeles,

    CA, USA, December 9-12, 2019'
  condensed:
    DBLP:conf/bigdataconf/AngrimanGM19:
      ENTRYTYPE: inproceedings
      ID: DBLP:conf/bigdataconf/AngrimanGM19
      author: 'Eugenio Angriman and

        Alexander van der Grinten and

        Henning Meyerhenke'
      booktitle: '{IEEE} BigData'
      pages: 711--720
      publisher: '{IEEE}'
      title: Local Search for Group Closeness Maximization on Big Graphs
      year: '2019'
  doi: 10.1109/BigData47090.2019.9006206
  editor: 'Chaitanya Baru and

    Jun Huan and

    Latifur Khan and

    Xiaohua Hu and

    Ronay Ak and

    Yuanyuan Tian and

    Roger S. Barga and

    Carlo Zaniolo and

    Kisung Lee and

    Yanfang Fanny Ye'
  pages: 711--720
  publisher: '{IEEE}'
  timestamp: Fri, 09 Apr 2021 17:11:11 +0200
  title: Local Search for Group Closeness Maximization on Big Graphs
  url: https://doi.org/10.1109/BigData47090.2019.9006206
  year: '2019'
DBLP:conf/esa/AngrimanPGM20:
  ENTRYTYPE: inproceedings
  ID: DBLP:conf/esa/AngrimanPGM20
  author: 'Eugenio Angriman and

    Maria Predari and

    Alexander van der Grinten and

    Henning Meyerhenke'
  bibsource: dblp computer science bibliography, https://dblp.org
  biburl: https://dblp.org/rec/conf/esa/AngrimanPGM20.bib
  booktitle: '28th Annual European Symposium on Algorithms, {ESA} 2020, September

    7-9, 2020, Pisa, Italy (Virtual Conference)'
  condensed:
    DBLP:conf/esa/AngrimanPGM20:
      ENTRYTYPE: inproceedings
      ID: DBLP:conf/esa/AngrimanPGM20
      author: 'Eugenio Angriman and

        Maria Predari and

        Alexander van der Grinten and

        Henning Meyerhenke'
      booktitle: '{ESA}'
      pages: 6:1--6:24
      publisher: Schloss Dagstuhl - Leibniz-Zentrum f{\"{u}}r Informatik
      series: LIPIcs
      title: 'Approximation of the Diagonal of a Laplacian''s Pseudoinverse for Complex

        Network Analysis'
      volume: '173'
      year: '2020'
  doi: 10.4230/LIPIcs.ESA.2020.6
  editor: 'Fabrizio Grandoni and

    Grzegorz Herman and

    Peter Sanders'
  pages: 6:1--6:24
  publisher: Schloss Dagstuhl - Leibniz-Zentrum f{\"{u}}r Informatik
  series: LIPIcs
  timestamp: Thu, 16 Sep 2021 18:07:57 +0200
  title: 'Approximation of the Diagonal of a Laplacian''s Pseudoinverse for Complex

    Network Analysis'
  url: https://doi.org/10.4230/LIPIcs.ESA.2020.6
  volume: '173'
  year: '2020'
DBLP:conf/esa/BorassiN16:
  ENTRYTYPE: inproceedings
  ID: DBLP:conf/esa/BorassiN16
  author: 'Michele Borassi and

    Emanuele Natale'
  bibsource: dblp computer science bibliography, https://dblp.org
  biburl: https://dblp.org/rec/conf/esa/BorassiN16.bib
  booktitle: '24th Annual European Symposium on Algorithms, {ESA} 2016, August 22-24,

    2016, Aarhus, Denmark'
  condensed:
    DBLP:conf/esa/BorassiN16:
      ENTRYTYPE: inproceedings
      ID: DBLP:conf/esa/BorassiN16
      author: 'Michele Borassi and

        Emanuele Natale'
      booktitle: '{ESA}'
      pages: 20:1--20:18
      publisher: Schloss Dagstuhl - Leibniz-Zentrum f{\"{u}}r Informatik
      series: LIPIcs
      title: '{KADABRA} is an ADaptive Algorithm for Betweenness via Random Approximation'
      volume: '57'
      year: '2016'
  doi: 10.4230/LIPIcs.ESA.2016.20
  editor: 'Piotr Sankowski and

    Christos D. Zaroliagis'
  pages: 20:1--20:18
  publisher: Schloss Dagstuhl - Leibniz-Zentrum f{\"{u}}r Informatik
  series: LIPIcs
  timestamp: Tue, 11 Feb 2020 15:52:14 +0100
  title: '{KADABRA} is an ADaptive Algorithm for Betweenness via Random Approximation'
  url: https://doi.org/10.4230/LIPIcs.ESA.2016.20
  volume: '57'
  year: '2016'
DBLP:conf/esa/GrintenBGBM18:
  ENTRYTYPE: inproceedings
  ID: DBLP:conf/esa/GrintenBGBM18
  author: 'Alexander van der Grinten and

    Elisabetta Bergamini and

    Oded Green and

    David A. Bader and

    Henning Meyerhenke'
  bibsource: dblp computer science bibliography, https://dblp.org
  biburl: https://dblp.org/rec/conf/esa/GrintenBGBM18.bib
  booktitle: '26th Annual European Symposium on Algorithms, {ESA} 2018, August 20-22,

    2018, Helsinki, Finland'
  condensed:
    DBLP:conf/esa/GrintenBGBM18:
      ENTRYTYPE: inproceedings
      ID: DBLP:conf/esa/GrintenBGBM18
      author: 'Alexander van der Grinten and

        Elisabetta Bergamini and

        Oded Green and

        David A. Bader and

        Henning Meyerhenke'
      booktitle: '{ESA}'
      pages: 42:1--42:14
      publisher: Schloss Dagstuhl - Leibniz-Zentrum f{\"{u}}r Informatik
      series: LIPIcs
      title: Scalable Katz Ranking Computation in Large Static and Dynamic Graphs
      volume: '112'
      year: '2018'
  doi: 10.4230/LIPIcs.ESA.2018.42
  editor: 'Yossi Azar and

    Hannah Bast and

    Grzegorz Herman'
  pages: 42:1--42:14
  publisher: Schloss Dagstuhl - Leibniz-Zentrum f{\"{u}}r Informatik
  series: LIPIcs
  timestamp: Tue, 11 Feb 2020 15:52:14 +0100
  title: Scalable Katz Ranking Computation in Large Static and Dynamic Graphs
  url: https://doi.org/10.4230/LIPIcs.ESA.2018.42
  volume: '112'
  year: '2018'
DBLP:conf/europar/GrintenAM19:
  ENTRYTYPE: inproceedings
  ID: DBLP:conf/europar/GrintenAM19
  author: 'Alexander van der Grinten and

    Eugenio Angriman and

    Henning Meyerhenke'
  bibsource: dblp computer science bibliography, https://dblp.org
  biburl: https://dblp.org/rec/conf/europar/GrintenAM19.bib
  booktitle: 'Euro-Par 2019: Parallel Processing - 25th International Conference

    on Parallel and Distributed Computing, G{\"{o}}ttingen, Germany, August

    26-30, 2019, Proceedings'
  condensed:
    DBLP:conf/europar/GrintenAM19:
      ENTRYTYPE: inproceedings
      ID: DBLP:conf/europar/GrintenAM19
      author: 'Alexander van der Grinten and

        Eugenio Angriman and

        Henning Meyerhenke'
      booktitle: Euro-Par
      pages: 434--447
      publisher: Springer
      series: Lecture Notes in Computer Science
      title: Parallel Adaptive Sampling with Almost No Synchronization
      volume: '11725'
      year: '2019'
  doi: 10.1007/978-3-030-29400-7\_31
  editor: Ramin Yahyapour
  pages: 434--447
  publisher: Springer
  series: Lecture Notes in Computer Science
  timestamp: Mon, 19 Aug 2019 16:45:40 +0200
  title: Parallel Adaptive Sampling with Almost No Synchronization
  url: https://doi.org/10.1007/978-3-030-29400-7\_31
  volume: '11725'
  year: '2019'
DBLP:conf/ipps/ManneH14:
  ENTRYTYPE: inproceedings
  ID: DBLP:conf/ipps/ManneH14
  author: 'Fredrik Manne and

    Mahantesh Halappanavar'
  bibsource: dblp computer science bibliography, https://dblp.org
  biburl: https://dblp.org/rec/conf/ipps/ManneH14.bib
  booktitle: '2014 {IEEE} 28th International Parallel and Distributed Processing

    Symposium, Phoenix, AZ, USA, May 19-23, 2014'
  condensed:
    DBLP:conf/ipps/ManneH14:
      ENTRYTYPE: inproceedings
      ID: DBLP:conf/ipps/ManneH14
      author: 'Fredrik Manne and

        Mahantesh Halappanavar'
      booktitle: '{IPDPS}'
      pages: 519--528
      publisher: '{IEEE} Computer Society'
      title: New Effective Multithreaded Matching Algorithms
      year: '2014'
  doi: 10.1109/IPDPS.2014.61
  pages: 519--528
  publisher: '{IEEE} Computer Society'
  timestamp: Wed, 16 Oct 2019 14:14:51 +0200
  title: New Effective Multithreaded Matching Algorithms
  url: https://doi.org/10.1109/IPDPS.2014.61
  year: '2014'
DBLP:conf/sdm/GrintenAPM21:
  ENTRYTYPE: inproceedings
  ID: DBLP:conf/sdm/GrintenAPM21
  author: 'Alexander van der Grinten and

    Eugenio Angriman and

    Maria Predari and

    Henning Meyerhenke'
  bibsource: dblp computer science bibliography, https://dblp.org
  biburl: https://dblp.org/rec/conf/sdm/GrintenAPM21.bib
  booktitle: 'Proceedings of the 2021 {SIAM} International Conference on Data Mining,

    {SDM} 2021, Virtual Event, April 29 - May 1, 2021'
  condensed:
    DBLP:conf/sdm/GrintenAPM21:
      ENTRYTYPE: inproceedings
      ID: DBLP:conf/sdm/GrintenAPM21
      author: 'Alexander van der Grinten and

        Eugenio Angriman and

        Maria Predari and

        Henning Meyerhenke'
      booktitle: '{SDM}'
      pages: 136--144
      publisher: '{SIAM}'
      title: 'New Approximation Algorithms for Forest Closeness Centrality - for

        Individual Vertices and Vertex Groups'
      year: '2021'
  doi: 10.1137/1.9781611976700.16
  editor: 'Carlotta Demeniconi and

    Ian Davidson'
  pages: 136--144
  publisher: '{SIAM}'
  timestamp: Sat, 21 Aug 2021 12:05:22 +0200
  title: 'New Approximation Algorithms for Forest Closeness Centrality - for

    Individual Vertices and Vertex Groups'
  url: https://doi.org/10.1137/1.9781611976700.16
  year: '2021'
DBLP:journals/csur/Galil86:
  ENTRYTYPE: article
  ID: DBLP:journals/csur/Galil86
  author: Zvi Galil
  bibsource: dblp computer science bibliography, https://dblp.org
  biburl: https://dblp.org/rec/journals/csur/Galil86.bib
  condensed:
    DBLP:journals/csur/Galil86:
      ENTRYTYPE: article
      ID: DBLP:journals/csur/Galil86
      author: Zvi Galil
      journal: '{ACM} Comput. Surv.'
      number: '1'
      pages: 23--38
      title: Efficient Algorithms for Finding Maximum Matching in Graphs
      volume: '18'
      year: '1986'
  doi: 10.1145/6462.6502
  journal: '{ACM} Comput. Surv.'
  number: '1'
  pages: 23--38
  timestamp: Wed, 14 Nov 2018 10:31:47 +0100
  title: Efficient Algorithms for Finding Maximum Matching in Graphs
  url: https://doi.org/10.1145/6462.6502
  volume: '18'
  year: '1986'
DBLP:journals/jcss/Cohen97:
  ENTRYTYPE: article
  ID: DBLP:journals/jcss/Cohen97
  author: Edith Cohen
  bibsource: dblp computer science bibliography, https://dblp.org
  biburl: https://dblp.org/rec/journals/jcss/Cohen97.bib
  condensed:
    DBLP:journals/jcss/Cohen97:
      ENTRYTYPE: article
      ID: DBLP:journals/jcss/Cohen97
      author: Edith Cohen
      journal: J. Comput. Syst. Sci.
      number: '3'
      pages: 441--453
      title: 'Size-Estimation Framework with Applications to Transitive Closure

        and Reachability'
      volume: '55'
      year: '1997'
  doi: 10.1006/jcss.1997.1534
  journal: J. Comput. Syst. Sci.
  number: '3'
  pages: 441--453
  timestamp: Tue, 16 Feb 2021 14:04:27 +0100
  title: 'Size-Estimation Framework with Applications to Transitive Closure

    and Reachability'
  url: https://doi.org/10.1006/jcss.1997.1534
  volume: '55'
  year: '1997'
DBLP:journals/siamcomp/AryaGKMMP04:
  ENTRYTYPE: article
  ID: DBLP:journals/siamcomp/AryaGKMMP04
  author: 'Vijay Arya and

    Naveen Garg and

    Rohit Khandekar and

    Adam Meyerson and

    Kamesh Munagala and

    Vinayaka Pandit'
  bibsource: dblp computer science bibliography, https://dblp.org
  biburl: https://dblp.org/rec/journals/siamcomp/AryaGKMMP04.bib
  condensed:
    DBLP:journals/siamcomp/AryaGKMMP04:
      ENTRYTYPE: article
      ID: DBLP:journals/siamcomp/AryaGKMMP04
      author: 'Vijay Arya and

        Naveen Garg and

        Rohit Khandekar and

        Adam Meyerson and

        Kamesh Munagala and

        Vinayaka Pandit'
      journal: '{SIAM} J. Comput.'
      number: '3'
      pages: 544--562
      title: Local Search Heuristics for k-Median and Facility Location Problems
      volume: '33'
      year: '2004'
  doi: 10.1137/S0097539702416402
  journal: '{SIAM} J. Comput.'
  number: '3'
  pages: 544--562
  timestamp: Wed, 14 Feb 2018 13:29:26 +0100
  title: Local Search Heuristics for k-Median and Facility Location Problems
  url: https://doi.org/10.1137/S0097539702416402
  volume: '33'
  year: '2004'
DBLP:journals/socnet/BozzoF13:
  ENTRYTYPE: article
  ID: DBLP:journals/socnet/BozzoF13
  author: 'Enrico Bozzo and

    Massimo Franceschet'
  bibsource: dblp computer science bibliography, https://dblp.org
  biburl: https://dblp.org/rec/journals/socnet/BozzoF13.bib
  condensed:
    DBLP:journals/socnet/BozzoF13:
      ENTRYTYPE: article
      ID: DBLP:journals/socnet/BozzoF13
      author: 'Enrico Bozzo and

        Massimo Franceschet'
      journal: Soc. Networks
      number: '3'
      pages: 460--469
      title: Resistance distance, closeness, and betweenness
      volume: '35'
      year: '2013'
  doi: 10.1016/j.socnet.2013.05.003
  journal: Soc. Networks
  number: '3'
  pages: 460--469
  timestamp: Sun, 25 Jul 2021 11:36:14 +0200
  title: Resistance distance, closeness, and betweenness
  url: https://doi.org/10.1016/j.socnet.2013.05.003
  volume: '35'
  year: '2013'
DBLP:journals/tkdd/BergaminiBCMM19:
  ENTRYTYPE: article
  ID: DBLP:journals/tkdd/BergaminiBCMM19
  author: 'Elisabetta Bergamini and

    Michele Borassi and

    Pierluigi Crescenzi and

    Andrea Marino and

    Henning Meyerhenke'
  bibsource: dblp computer science bibliography, https://dblp.org
  biburl: https://dblp.org/rec/journals/tkdd/BergaminiBCMM19.bib
  condensed:
    DBLP:journals/tkdd/BergaminiBCMM19:
      ENTRYTYPE: article
      ID: DBLP:journals/tkdd/BergaminiBCMM19
      author: 'Elisabetta Bergamini and

        Michele Borassi and

        Pierluigi Crescenzi and

        Andrea Marino and

        Henning Meyerhenke'
      journal: '{ACM} Trans. Knowl. Discov. Data'
      number: '5'
      pages: 53:1--53:40
      title: Computing top-\emph{k} Closeness Centrality Faster in Unweighted Graphs
      volume: '13'
      year: '2019'
  doi: 10.1145/3344719
  journal: '{ACM} Trans. Knowl. Discov. Data'
  number: '5'
  pages: 53:1--53:40
  timestamp: Thu, 16 Apr 2020 13:58:47 +0200
  title: Computing top-\emph{k} Closeness Centrality Faster in Unweighted Graphs
  url: https://doi.org/10.1145/3344719
  volume: '13'
  year: '2019'
DBLP:journals/tmc/DAngeloDNP16:
  ENTRYTYPE: article
  ID: DBLP:journals/tmc/DAngeloDNP16
  author: 'Gianlorenzo D''Angelo and

    Daniele Diodati and

    Alfredo Navarra and

    Cristina M. Pinotti'
  bibsource: dblp computer science bibliography, https://dblp.org
  biburl: https://dblp.org/rec/journals/tmc/DAngeloDNP16.bib
  condensed:
    DBLP:journals/tmc/DAngeloDNP16:
      ENTRYTYPE: article
      ID: DBLP:journals/tmc/DAngeloDNP16
      author: 'Gianlorenzo D''Angelo and

        Daniele Diodati and

        Alfredo Navarra and

        Cristina M. Pinotti'
      journal: '{IEEE} Trans. Mob. Comput.'
      number: '7'
      pages: 1797--1811
      title: 'The Minimum k-Storage Problem: Complexity, Approximation, and Experimental

        Analysis'
      volume: '15'
      year: '2016'
  doi: 10.1109/TMC.2015.2475765
  journal: '{IEEE} Trans. Mob. Comput.'
  number: '7'
  pages: 1797--1811
  timestamp: Fri, 27 Dec 2019 21:16:35 +0100
  title: 'The Minimum k-Storage Problem: Complexity, Approximation, and Experimental

    Analysis'
  url: https://doi.org/10.1109/TMC.2015.2475765
  volume: '15'
  year: '2016'
conf/acda/AngrimanMSU21:
  ENTRYTYPE: inproceedings
  ID: conf/acda/AngrimanMSU21
  author: "Eugenio Angriman  and  Henning Meyerhenke  and  Christian Schulz  and \
    \ Bora U\xE7ar"
  booktitle: Proceedings of the 2021 SIAM Conference on Applied and Computational
    Discrete Algorithms (ACDA21)
  doi: 10.1137/1.9781611976830.4
  pages: 32--44
  title: Fully-dynamic Weighted Matching Approximation in Practice
  year: '2021'
